3650 5459
552 252 639 359 320
828 210 1118 315 Nova
1189 203 1455 310 Acen

298 430 594 527 Amssrudglaffus
619 425 845 502 abdudlorem
874 423 1002 538 indicit
1029 419 1243 522 appellavit.
1272 418 1465 512 Tandem,
1504 418 1573 521 qui
1603 421 1765 505 musculus

292 540 452 683 um:
472 519 1765 724 runnulunula1.¹¹u5.ur‚-s.⁰‘lmlulrn‘zur

300 748 303 755 ·
470 726 603 815 licem,
629 725 686 798 vel
712 723 849 823 pollicis
876 728 918 798 ad
946 720 1122 810 indicem,
1150 720 1323 810 nomina,
1358 741 1434 792 tum
1462 718 1601 815 majori
1629 721 1701 819 jure
1723 751 1761 800 ex

472 850 639 901 anatome
673 822 882 895 vocabulum
911 822 1040 894 thenar
1073 844 1154 893 cum
1183 819 1226 890 ab
1259 818 1293 891 se
1321 819 1495 892 derivaris
1523 822 1758 921 expungitur,

470 924 586 999 nihilo
614 922 728 995 minus
756 922 890 1009 index,
926 922 1021 992 inter
1048 920 1244 1017 digitorum
1271 916 1429 991 adliones
1458 918 1629 991 hominis
1657 923 1755 1013 viri,

469 1048 542 1097 non
560 1047 641 1097 raro
668 1020 813 1093 liberior
841 1046 909 1119 prae
937 1018 1065 1117 pollice
1089 1018 1165 1091 lixo
1183 1016 1303 1107 visus,
1328 1016 1378 1088 ita
1407 1015 1469 1088 suo
1498 1014 1580 1111 jure
1611 1044 1671 1114 pet
1697 1047 1757 1095 rnu-

467 1122 598 1197 sculum
619 1120 660 1192 ad
690 1119 873 1217 pollicem,
902 1145 946 1191 ex
972 1142 1092 1191 mente
1108 1120 1166 1189 Cl.
1187 1116 1327 1202 Heilieri
1350 1115 1574 1203 adducitut;
1602 1116 1658 1191 sed
1684 1122 1755 1195 alte·

465 1244 512 1297 ro
538 1219 575 1293 in
602 1218 703 1308 casu,
732 1218 766 1289 dt
793 1218 912 1291 indice
941 1217 1059 1315 potine
1086 1216 1189 1305 lixo,
1222 1239 1308 1289 tunc
1332 1214 1573 1290 mobiliorem
1608 1218 1755 1313 pollicem

466 1317 550 1391 iude
576 1317 752 1390 musculus
778 1316 962 1391 manifeslo
988 1320 1032 1390 ad
1059 1315 1092 1388 se
1117 1317 1251 1392 ducet.
1288 1317 1386 1387 Tum
1416 1313 1598 1389 verolaic
1626 1317 1667 1393 ad
1691 1344 1754 1391 mu·

466 1414 554 1489 sculi
578 1416 802 1491 mesothenar
825 1416 986 1491 officium
1028 1415 1104 1512 plue
1130 1415 1292 1487 minusve
1317 1412 1488 1499 accedit3
1518 1438 1635 1513 neque
1654 1442 1754 1506 vero,

467 1538 646 1613 utcunque
675 1538 728 1587 res
755 1514 1015 1604 consideretur,
1043 1513 1086 1587 lic
1114 1513 1225 1612 magis
1245 1513 1466 1613 adaequatum
1497 1512 1595 1589 aliud
1618 1516 1661 1591 ab
1673 1518 1756 1587 We·

466 1614 574 1687 rlovir
599 1614 694 1687 illiue
720 1610 940 1688 substituitur
960 1638 1109 1689 nomen.
1135 1612 1224 1703 Sed,
1251 1640 1296 1686 ne
1321 1617 1365 1685 de
1382 1612 1550 1711 pluribus
1565 1614 1755 1688 nominibus

470 1711 718 1810 disputemus,
746 1711 937 1801 universe,
968 1714 1004 1785 dt
1038 1712 1236 1812 ubicunque
1272 1712 1388 1809 agitur
1416 1712 1461 1785 de
1491 1736 1615 1812 genere
1641 1711 1754 1806 primo

469 1808 732 1901 musculorum,
759 1814 819 1911 qui
840 1812 970 1887 ollibus
987 1834 1126 1886 tantum
1147 1811 1417 1902 terminantur,
1443 1831 1528 1884 tum
1555 1812 1616 1885 uix
1641 1811 1677 1883 in
1702 1834 1754 1883 eo

467 1932 548 1985 rum
574 1932 740 1983 anatome
763 1908 823 1985 usu
849 1935 1005 2025 receptas
1025 1912 1092 1985 esse
1109 1910 1417 2023 denominationes
1437 1933 1569 2008 patet,
1594 1932 1750 2081 gnaeum

465 2030 619 2179 llll:
637 2009 1574 2204 selletffldlil?’ellllrizil‘l‘iepllsll
1598 2033 1749 2180 nillil

463 2222 627 2275 reantur.
656 2203 797 2301 Igitur,
823 2133 851 2275 Ε
872 2204 957 2301 quid
984 2205 1113 2278 sentire
1140 2204 1282 2275 liberius
1300 2201 1338 2273 in
1361 2228 1398 2276 re
1425 2202 1561 2297 liceat,
1591 2229 1666 2277 tum
1688 2202 1748 2275 lere

463 2298 638 2373 musculus
664 2300 994 2376 corato-brachialio
1018 2302 1055 2373 in
1084 2304 1201 2402 primo
1225 2326 1385 2399 genere,
1419 2302 1476 2373 sed
1508 2304 1623 2405 longe
1651 2303 1746 2401 pluret

463 2396 502 2471 in
529 2398 643 2473 altero
668 2426 826 2499 genere,
853 2427 883 2475 e.
907 2427 942 2499 g.
970 2399 1033 2498 ipsr
1057 2403 1242 2474 Wintlour‘e
1269 2398 1357 2473 dieti
1385 2399 1537 2475 musculi
1566 2402 1679 2476 il'chin
1701 2426 1746 2475 tt·

460 2496 629 2589 vernos,
656 2499 691 2571 ἃ
716 2500 868 2574 aliorum
897 2498 1133 2573 musculorum
1157 2499 1350 2599 pharyngis
1367 2502 1560 2598 exempla,
1597 2523 1745 2575 norman

462 2598 641 2693 praebent,
667 2589 856 2675 secundum
883 2624 990 2699 quam
1019 2598 1131 2674 multa
1158 2596 1265 2695 primi
1279 2598 1418 2696 generis
1435 2600 1677 2673 musculorum
1695 2621 1746 2671 no

461 2696 559 2770 mina
578 2697 795 2773 emendanda
813 2700 943 2787 essent;
969 2698 1126 2790 scilicet,
1153 2698 1175 2771 li
1203 2696 1387 2797 utriusque
1414 2696 1620 2771 insertionis
1646 2718 1744 2795 oppe

461 2791 532 2869 litae
560 2796 679 2895 potior
707 2798 867 2871 ratioin
896 2799 1189 2875 denominatione
1216 2796 1403 2871 habeatur.
1430 2800 1485 2871 Ita
1515 2794 1692 2870 adduslor
1714 2794 1744 2864 il·

459 2890 494 2965 le
519 2894 648 2971 indicis
675 2899 718 2972 ad
745 2897 912 2997 pollicem
942 2902 1026 2973 esset
1054 2898 1193 2996 pollicis
1226 2898 1261 2969 δι
1280 2896 1472 3009 metatarpi
1496 2894 1583 2967 ollis
1608 2887 1742 2991 oppolti

460 2999 690 3079 communis3
719 2996 740 3066 sr
770 2998 960 3071 breuitatis
985 3000 1085 3071 causa
1113 2997 1293 3067 interdum
1319 2998 1409 3066 hanc
1436 2994 1614 3093 ullamque
1640 2987 1738 3063 condi·

459 3087 595 3160 tionem
624 3089 808 3183 specialem
836 3093 1016 3185 negligere
1054 3091 1312 3184 permittatur.
1341 3092 1478 3162 Verum
1509 3092 1548 3161 in
1578 3089 1733 3185 majorum

457 3207 609 3257 numero
638 3181 876 3257 musculorum
904 3184 1075 3255 uocabula
1103 3185 1222 3279 inepta
1240 3184 1401 3281 gracilis,
1429 3184 1603 3280 sertorii,
1628 3188 1731 3261 delon·

455 3306 499 3377 ge
527 3283 646 3377 plura,
672 3280 860 3348 commode
886 3306 906 3350 e
931 3278 1059 3351 scholis
1079 3281 1291 3357 exulatentr
1326 3282 1494 3357 fortallia-
1511 3310 1653 3363 tantum
1675 3304 1733 3356 arn·

455 3372 873 3475 pliorummusculorum
900 3377 1249 3481 compositorumque
1267 3383 1600 3487 nominaantiqua,
1626 3388 1731 3479 &pau

453 3501 493 3551 ca
521 3475 619 3567 alia,
654 3498 866 3547 manerent.
906 3480 1029 3576 Atque
1059 3480 1185 3553 eodem
1222 3482 1382 3581 generali
1417 3483 1533 3599 magia
1561 3485 1730 3564 inllitnto,

451 3577 587 3677 plures,
614 3572 710 3675 quod
738 3573 762 3647 sr
789 3573 934 3649 subinde
962 3580 1200 3653 conuenetint
1226 3582 1394 3683 oppositae
1421 3607 1608 3686 utrtusque
1639 3576 1731 3653 inser·

452 3675 561 3751 tionis
587 3698 793 3749 communes
828 3676 968 3749 dicendi
997 3678 1172 3768 musculi,
1198 3702 1305 3774 tum,
1332 3683 1451 3759 addita
1479 3684 1653 3759 interdum
1677 3700 1729 3747 vo·

450 3800 489 3848 ce
516 3774 687 3863 externi,
715 3774 772 3845 vel
798 3774 954 3865 interni,
980 3774 1200 3875 superioria,
1226 3783 1286 3855 vel
1313 3781 1518 3876 inferioris,
1546 3780 1626 3857 resli
1641 3829 1651 3866 ,
1675 3770 1727 3844 vel

447 3874 604 3972 obliqui,
631 3875 688 3945 vel
708 3874 916 3965 transverfi,
943 3878 1154 3968 anterioris,
1179 3881 1238 3953 vel
1265 3881 1469 3979 posteriotit
1488 3884 1609 3975 ,sieut
1631 3888 1727 3975 pom

448 3973 534 4046 tales
562 3972 862 4064 discernerentur,
891 3974 929 4048 id
947 3974 1049 4050 facile
1069 4002 1235 4052 anatome
1262 3981 1508 4056 &meditatio
1527 3980 1722 4080 supplerent·

446 4073 508 4146 De
534 4096 685 4148 numero
712 4071 951 4149 musculorum
990 4076 1185 4150 minuendo
1219 4102 1293 4151 non
1323 4103 1420 4179 aeque
1456 4108 1498 4155 ac
1525 4082 1566 4156 de
1590 4076 1723 4170 synony-

446 4171 544 4261 mis,
579 4171 616 4245 in
646 4194 753 4270 pauca
780 4172 996 4263 referendis,
1023 4174 1179 4247 cultores
1204 4199 1389 4252 anatomes
1415 4180 1504 4254 bene
1527 4181 1659 4280 sperare
1673 4191 1722 4266 po·

438 4292 595 4348 ¹terunt.
629 4271 782 4345 Interim
819 4298 883 4353 not
909 4273 976 4346 lrac
999 4296 1142 4371 quoque
1179 4276 1395 4353 traslatiooe
1422 4280 1633 4363 docuimus,
1664 4288 1720 4365 (1¹1¹

443 4370 586 4445 tatione
620 4371 664 4447 ad
698 4372 936 4445 transversum
973 4370 1142 4469 utrinque
1178 4375 1361 4451 accensere
1394 4380 1514 4453 deceat
1549 4370 1715 4473 eiaculatu-

444 4492 519 4543 rem
548 4470 698 4549 uretlara
714 4471 911 4557 Surrentini,
946 4467 1003 4541 seu
1031 4468 1194 4566 proliaco
1219 4472 1372 4551 minorlt
1387 4479 1567 4551 Wnsleuit'
1591 4462 1711 4647 ¹etruscu-

1607 4589 1671 4642 unt.
