3650 5459
488 227 600 359 696

412 464 544 523 nerunt
571 486 583 525 ,
609 452 716 534 atque
743 424 815 501 sine
841 414 1021 498 modoad
1047 408 1225 493 fastidium
1253 433 1362 515 usque
1387 390 1624 487 obtruserunt
1652 412 1666 503 ᾗ
1690 407 1726 485 se

411 529 681 644 perhonorifico
708 524 883 603 vocabulo
911 516 1132 607 Conditorea
1157 515 1363 617 appellare3
1392 536 1449 583 me
1479 567 1489 598 ,
1515 510 1579 613 qui
1607 534 1657 582 ex
1682 508 1725 583 iia

270 728 278 741 ι
411 639 551 740 optima
578 652 725 732 quaque
751 623 858 744 ¹selegi
886 671 901 713 ,
928 617 1124 733 nitorisque
1152 616 1260 687 etiam
1285 608 1407 682 habita
1436 608 1576 725 ratione
1597 606 1724 684 descri-

414 718 1136 931 iiiiii:eiii‘ise‘sc’esiijffi‘ss‘i
1164 712 1233 899 irie,
1248 710 1725 909 'qii‘piti‘d‘fdiei'iiii

415 933 479 1012 diu
505 930 597 1006 faeta
624 927 728 1013 suut,
754 923 947 1022 quidquam
978 912 1138 1002 moueri,
1165 932 1225 985 aut
1255 906 1422 981 innovari
1450 930 1576 980 vetant
1608 908 1724 979 turbu·

414 1031 507 1109 lenti
535 1028 592 1102 iiii
619 1026 806 1099 literarum
833 1012 991 1095 Tribuni
1019 1018 1030 1084 i
1060 1016 1119 1087 An
1146 1008 1242 1111 quod
1269 1006 1330 1105 ipst
1359 1006 1457 1081 maiis
1484 1004 1615 1080 avibus
1642 1006 1720 1079 olim

415 1134 609 1209 sanxerunt
638 1175 649 1212 ‚
678 1120 903 1195 retinendum
933 1135 1104 1213 perpetuo
1131 1111 1199 1182 erit
1227 1114 1238 1179 i
1269 1105 1418 1181 rescindi
1447 1132 1535 1179 vero
1564 1158 1577 1196 ,
1607 1106 1722 1209 tolli,

416 1226 588 1306 imminui
616 1218 823 1321 neutiquam
852 1211 1006 1315 poterit,
1035 1208 1097 1285 nist
1126 1206 1221 1309 ptius
1249 1206 1290 1279 ad
1309 1206 1421 1305 ipsor‘,
1451 1228 1572 1281 utrum
1596 1203 1719 1295 veiint,

421 1328 588 1427 jubeant,
613 1309 768 1395 seratur?
795 1316 984 1403 Videant,
1011 1306 1153 1408 queso,
1181 1334 1222 1381 ne
1252 1303 1398 1379 nimiam
1429 1305 1488 1379 stbi
1518 1300 1718 1401 potestatem

420 1410 1112 1602 :sisinitzslsisi'insi‘
1129 1402 1715 1581 essitas*distin:

421 1646 564 1699 morunt
587 1618 789 1695 notrorum
817 1530 1433 1710 siripta'crudelissimediscer’ptl
1460 1530 1705 1703 &ptanqurna
1778 1696 1781 1703 Ι

418 1721 565 1799 canibus
591 1716 722 1791 rabidis
748 1711 939 1802 dilaniata,
966 1730 1059 1783 nunc
1086 1705 1231 1805 capite,
1259 1728 1352 1777 nunc
1373 1702 1513 1803 pedibus
1538 1725 1708 1792 truncata,

422 1817 631 1920 turpissimis
660 1813 806 1889 maculis
828 1809 1049 1897 deformata,
1074 1806 1110 1879 ἀ
1138 1804 1238 1879 omni
1265 1826 1394 1877 ornatu
1414 1799 1475 1899 suo
1488 1802 1659 1875 denudata
1672 1804 1708 1875 sa-

426 1922 656 2010 mentanturi
683 1916 820 1987 Verum
847 1935 916 2010 qua
944 1908 1086 1995 fronte,
1112 1922 1184 2002 quo
1211 1928 1272 1977 ore
1293 1902 1328 1977 id
1355 1901 1591 2001 pronuntiant
1618 1901 1710 1995 impu

425 2014 620 2097 dentisfimi
649 2012 868 2098 hominum,
895 2006 993 2106 quod
1020 2003 1163 2078 cuilibet
1193 2000 1326 2102 legenti
1349 2013 1450 2097 'patet
1475 2000 1543 2071 esse
1561 2000 1707 2096 apertisi-

424 2139 484 2193 me
509 2113 664 2189 salsum?
691 2125 748 2192 An
775 2162 787 2201 ‚
815 2107 837 2180 st
864 2105 931 2179 suae
960 2101 1088 2179 mentit
1114 2102 1224 2175 essent
1250 2151 1261 2191 ,
1289 2100 1323 2173 id
1354 2098 1411 2173 stbi
1440 2097 1546 2173 licere
1574 2103 1706 2199 u'nquan

425 2211 676 2289 credidissent?
705 2216 765 2282 An
794 2205 856 2279 sbi
882 2225 1024 2279 tantum
1050 2201 1234 2291 tribuunt,
1262 2222 1301 2273 ut
1329 2198 1540 2273 audioiitate
1558 2198 1613 2271 sut
1630 2224 1706 2271 tene·

425 2315 506 2389 brae
530 2308 679 2385 veritati
705 2304 920 2393 offundere,
947 2299 1177 2399 credusoeque
1205 2297 1369 2375 homines
1395 2299 1432 2371 in
1460 2296 1518 2371 soa
1546 2300 1645 2371 verba
1667 2296 1707 2394 ju—

426 2435 508 2489 rare
533 2407 678 2483 veiint?
704 2408 834 2479 Parum
862 2402 1048 2475 enimvero
1066 2397 1171 2472 causae
1189 2396 1253 2470 sure
1270 2396 1378 2471 sidere
1397 2397 1579 2485 ridentur,
1603 2422 1708 2471 tumr

427 2505 619 2588 mendacio
637 2506 671 2579 dr
691 2530 711 2578 a
728 2500 905 2577 calumnia
926 2497 1078 2599 praefidia
1097 2518 1272 2598 quaerant.
1300 2500 1388 2588 Quo
1414 2497 1509 2568 enim
1538 2494 1615 2567 tesie
1638 2520 1706 2594 pro·

428 2610 539 2697 bant,
557 2602 804 2704 quoexemplo
819 2596 1058 2687 confirmant,
1086 2622 1142 2670 me
1163 2590 1403 2670 sordidissimae
1420 2595 1537 2693 gentis
1552 2594 1703 2691 preceptis

429 2694 1379 2877 {tsss‘issttsi‘szttttst“stinistst
1406 2692 1595 2868 ‘imm-ii
1618 2692 1704 2765 '¹³⁰⁸'

541 2837 544 2841 ·
746 2825 752 2836 ’
1293 2822 1342 2866 ar
1400 2820 1533 2869 aeoa
1583 2816 1706 2867 orrett

429 2927 549 2991 vero,
575 2924 616 2973 ut
642 2900 775 2974 lutea-m
803 2917 970 2971 morerer
996 2892 1101 2969 bilem
1127 2945 1138 2982 ‚
1166 2893 1228 2967 nise
1254 2892 1499 2967 contentionis
1526 2890 1623 2990 hujus
1646 2912 1708 2965 tan·

431 2997 701 3103 quatustoputn
722 2996 831 3070 risum
849 2996 940 3069 mihi
960 2994 1003 3067 ab
1019 2993 1129 3067 initio
1147 2990 1419 3093 proposuissem.
1447 2994 1574 3068 Rideat
1586 2994 1710 3093 itaque,

431 3099 546 3178 amice
563 3096 723 3187 Lesior,
749 3116 937 3169 acutorum
968 3091 1153 3165 hominum
1181 3090 1439 3184 calliditatem,
1464 3094 1526 3191 qui
1551 3092 1679 3191 probris
1700 3099 1710 3179 ¹,

431 3198 608 3275 conviciis
625 3194 862 3287 ,maledisiis
889 3219 947 3267 me
970 3192 1016 3267 ab
1042 3190 1201 3289 incoepto
1217 3188 1396 3287 deterrere
1419 3243 1430 3281 ,
1456 3190 1710 3289 compendiique

431 3291 833 3466 mmmm&
858 3288 1678 3464 P‘sffsmdssm’§nimiu-51imis-miii}
1699 3303 1710 3377 3

431 3484 638 3566 secernendi
654 3508 760 3595 atque
776 3412 904 3558 ordis}
918 3408 1102 3600 digiiiiii
1114 3398 1709 3589 liuderdnstdiiepigriapsaniiusda'qdd

431 3616 453 3665 a
472 3611 530 3661 me
548 3608 790 3685 preoccupare
806 3584 951 3661 confine
966 3586 1107 3661 dolere:
1127 3586 1496 3691 Nihisdicogravius;
1513 3610 1704 3687 quamquam
1794 3590 1795 3593 ’

432 3686 651 3776 sidicerem,
677 3686 807 3773 aliam,
833 3706 929 3756 certe
948 3686 1064 3759 minus
1086 3685 1297 3780 honestam,
1323 3686 1479 3763 caussam
1505 3682 1712 3761 acerbiffirn'it

433 3784 505 3861 illie
522 3786 675 3883 quereiie
692 3784 812 3859 iocum
832 3782 986 3873 dedisse,
1011 3808 1086 3858 rem
1105 3810 1169 3862 acu
1187 3784 1334 3863 sortasse
1349 3787 1590 3886 attingerem,
1614 3782 1714 3855 horni-

262 3900 275 3921 '
430 3907 719 4059 muevffgum
742 3882 981 3957 humanarum
1015 3908 1089 3963 non
1111 3887 1265 3985 'prorsut
1297 3886 1415 3993 ignari
1449 3904 1593 3961 metum
1624 3880 1716 3957 senti·

530 4084 622 4161 Dat.
642 4106 698 4179 ¹3·
718 4080 869 4189 Augusti
889 4092 991 4181 typo.
