3650 5459
346 327 681 434 uento-1
726 356 762 424 τ
804 357 839 427 o
880 359 914 424 r
958 355 1110 428 uu.
1206 330 1308 462 619

34 525 1396 630 &mmmmm
1410 563 1572 721 dfi'E‘ssg‘

1442 669 1471 708 n.
1484 667 1517 718 ¹7
1561 685 1571 705 .

35 802 36 807 ψ
122 727 126 732 ’
156 744 507 857 nummis
541 739 1144 883 euuuoumt,·10.
1185 745 1311 852 uu.
1412 725 1568 887 sels:

43 975 201 1092 Med.
222 975 331 1062 Prof.
352 971 471 1064 Bastl.
491 969 623 1060 Acud.
643 971 797 1080 Scient.
816 971 1146 1084 lmel’etropol.
1169 973 1279 1087 prius
1294 977 1390 1084 Ma.

142 1108 312 1198 theseos
342 1106 591 1194 sublimioris
608 1103 718 1188 Pros
737 1099 842 1190 ord.
874 1129 983 1186 nunc
1004 1101 1189 1186 Membri
1220 1106 1259 1188 ἃ
1279 1107 1388 1192 Pros

140 1235 803 1351 honorarii,-Hydrodynamica,
824 1231 905 1318 five
928 1232 978 1318 de
992 1231 1390 1324 vitibus&motibus

143 1373 373 1460 fluidorum
392 1367 719 1457 Commentatii.
755 1365 876 1482 Opus
893 1359 1221 1472 Academicum,
1239 1363 1292 1452 ab
1305 1369 1389 1450 Au·

145 1530 270 1614 tote,
303 1505 403 1590 dum
422 1500 633 1617 Petropoli
652 1522 819 1621 ageret,
852 1493 1110 1616 congestum.

123 1729 367 1828 argentorati,
388 1727 578 1822 sumptibus
587 1727 642 1808 Jt.
653 1719 832 1794 Ret'nbolde'
848 1721 1066 1814 Daiseelcere',
1100 1743 1141 1812 ¹7
1147 1727 1204 1814 38.
1214 1745 1248 1811 4.
1259 1725 1340 1811 maj.

384 1826 489 1924 Aspb.
501 1851 531 1897 a.
543 1824 638 1920 plag.
655 1829 708 1898 16.
733 1843 807 1892 tum
825 1821 932 1894 Telo.
951 1842 1010 1891 en.
1030 1843 1084 1893 ta.

63 2046 409 2230 NObiliffimus
421 2046 544 2119 Autor
559 2065 641 2116 cum
659 2037 739 2114 aliis
756 2035 892 2137 ingenii
914 2035 1181 2130 monumentis,
1209 2059 1288 2113 tum
1308 2064 1393 2140 pre·

63 2166 72 2174 '
208 2149 305 2224 clato
321 2150 391 2224 hoe
412 2149 555 2244 Opere,
582 2140 668 2214 satit
683 2137 859 2228 ostendit,
884 2135 1117 2218 sedtacutum
1131 2143 1394 2228 Geometram,

65 2251 111 2323 8(
132 2251 302 2326 tarasium
322 2247 596 2332 calculatorem,
623 2241 658 2314 δι
686 2238 837 2338 denique
856 2239 1084 2310 Bernenllittm
1105 2289 1115 2326 ,
1143 2239 1240 2312 else,
1276 2249 1393 2352 Argu·

64 2373 246 2426 mentum
273 2373 370 2425 certe
387 2343 571 2445 egregium
592 2337 663 2429 est,
687 2338 783 2438 quod
803 2337 988 2436 auspiciis,
1014 2335 1194 2427 consiliis,
1221 2337 1392 2412 subsidiis·

68 2475 152 2546 que
172 2449 376 2528 Academiae
391 2443 631 2518 Scientiarum
641 2433 941 2530 Petropolitanae,
966 2435 1218 2507 elaborandum
1231 2435 1290 2506 fibi
1301 2434 1393 2507 sum-

70 2547 121 2622 sit
135 2583 150 2637 ς
173 2552 210 2622 ἃ
228 2571 357 2644 magna
385 2559 505 2611 terum
533 2530 798 2610 utilissimarum
826 2529 982 2604 varietas
1009 2554 1081 2601 non
1101 2528 1211 2625 potest
1232 2557 1304 2603 non
1324 2533 1395 2630 pla·

70 2673 193 2721 cere:
222 2647 259 2717 δι
277 2638 484 2717 assertiones
502 2631 948 2732 ·fingutares,.quanquam
976 2625 1072 2700 sorte
1090 2627 1181 2704 haud
1208 2655 1308 2703 omna
1337 2657 1396 2704 ex·

72 2743 253 2842 ceptione
272 2739 447 2838 majores,
471 2731 675 2809 attentione
702 2753 822 2803 tamen
844 2753 969 2802 eorum
992 2727 1147 2802 maxime
1163 2727 1277 2830 dignae
1291 2727 1395 2819 sunt,

72 2842 146 2939 qui
165 2839 234 2914 hoc
252 2837 446 2916 studiorum
466 2859 596 2933 genere
613 2829 836 2905 delesiantut
856 2882 864 2903 .
893 2831 1011 2916 Cum,
1039 2829 1328 2921 Hydtostaticam
1357 2829 1393 2901 ἃ

74 2938 344 3033 Hydtaulicam
370 2934 566 3012 atsliffimo
594 2957 686 3006 nexu
714 2930 810 3013 inter
837 2929 871 3002 se
896 2925 1094 3016 coherere,
1120 2925 1155 2997 dc
1185 2951 1306 3000 mutua
1327 2951 1395 3022 ope

72 3036 278 3138 plurimum
296 3063 424 3137 egere,
452 3035 520 3108 Vit
539 3031 684 3108 Clariss.
705 3027 867 3115 videtet3
896 3023 1182 3102 confundendam
1204 3047 1393 3124 utramque

77 3157 186 3210 cetto
205 3131 334 3220 modo,
360 3137 395 3200 δι
414 3131 719 3218 Hydredynamieae
745 3124 961 3224 generalitati
980 3125 1130 3195 numine
1155 3121 1396 3224 complessen-

74 3239 190 3324 'dam,
215 3229 376 3307 censuit.
403 3222 623 3338 Hypothesta
650 3223 727 3310 ejus
752 3219 929 3320 precipua
956 3215 1006 3294 est
1031 3223 1396 3317 conservatiosvirium

80 3337 268 3421 nivatam,
294 3327 391 3418 five,
415 3348 454 3398 ut
473 3320 544 3421 tpse
562 3319 750 3420 loquitur,
771 3321 945 3414 equalitas
963 3321 1058 3390 *inter
1082 3325 1265 3412 descensum
1282 3321 1397 3390 naua.

84 3435 148 3506 lrnt
175 3431 428 3528 adscensumqae
449 3419 693 3520 potentialem.
717 3421 785 3488 Per
804 3417 1007 3492 adscensum
1035 3417 1267 3516 potentialem
1294 3417 1399 3510 syste.

85 3531 213 3622 matis,
240 3528 340 3624 cujus
367 3520 506 3620 singula
534 3535 652 3616 partes
677 3513 872 3587 uelocitate
896 3515 1137 3614 qualicunque
1163 3539 1357 3591 moventur
1383 3570 1396 3606 ,

79 3631 201 3704 'intelli
230 3630 258 3700 it
286 3621 515 3700 altitudinem
540 3612 779 3701 seminalem,
812 3613 854 3688 ad
876 3637 983 3711 quam
1013 3635 1177 3685 centrum
1204 3615 1394 3718 gravitatis

90 3728 186 3804 illius
205 3655 407 3825 systematis
430 3715 625 3821 pervenit,
660 3713 684 3790 fi
712 3710 759 3786 fin
788 3713 850 3788 ula
880 3709 1091 3809 particula,
1122 3736 1222 3785 motu
1257 3715 1391 3791 sursunt

88 3825 287 3924 converso,
313 3844 488 3928 quantum
512 3815 691 3992 possunt,
717 3739 960 3889 adscendunt:
987 3836 1051 3910 pet
1076 3801 1274 3889 descensum
1303 3841 1395 3888 vero
1415 3793 1487 3879 ⁸³23*
1506 3796 1578 3858 ²⁶⁶*

93 3935 265 4013 adlualem
292 3923 465 4023 intelligit
492 3917 722 3994 atitudinem
742 3938 771 4006 ,·
789 3937 856 4012 per
878 3935 986 4015 qnam
1014 3933 1176 3984 centrum
1204 3913 1396 4008 gravitatis

94 4033 290 4122 descendit,
315 4025 501 4127 postquam
527 4017 667 4121 fingulae
695 4014 875 4116 particule
902 4009 942 4083 in
969 4008 1087 4110 quiete
1104 4009 1279 4082 fuerunt,
1314 4011 1397 4087 Ma·

94 4136 163 4210 luit
188 4155 307 4208 autem
325 4125 394 4201 hac
420 4122 476 4197 ut‘t
491 4116 812 4205 denominatione,
837 4135 947 4212 quam
964 4109 1142 4186 vocabulo
1156 4105 1397 4182 conservatio·

97 4237 149 4310 uis
174 4233 303 4308 vitium
332 4227 525 4316 vivarum,
549 4213 871 4321 quod,'etiamnum
901 4237 922 4284 a
948 4208 1180 4311 quibusdam,
1205 4205 1395 4306 prasertim

98 4337 135 4410 in
156 4333 307 4432 Anglia,
333 4326 513 4401 incertum
537 4343 611 4422 quo
626 4311 733 4406 sato,
755 4311 907 4388 fasliditi
925 4308 1149 4384 observavit.
1176 4311 1235 4382 De
1254 4303 1399 4398 cetero,

99 4434 257 4535 quamvis·
278 4425 501 4530 ¹principium
526 4439 852 4494 commem-oratum·
881 4413 985 4512 plane
1021 4433 1088 4510 pro
1113 4407 1302 4482 universali
1340 4405 1400 4480 ha·

99 4535 197 4622 beat,
220 4555 292 4605 non
320 4551 444 4601 tannen
469 4523 538 4596 else
563 4519 632 4594 sine
651 4513 972 4613 circumspedlione
997 4505 1232 4586 adhibendum
1253 4531 1399 4597 monet,
1534 4579 1538 4588 ,

103 4635 178 4733 quia
203 4633 288 4728 sape
315 4624 530 4724 contingat,
555 4643 594 4695 ut
613 4639 731 4692 motus
759 4612 913 4690 transeat
941 4613 978 4685 in
1008 4607 1193 4684 materiam
1215 4608 1394 4680 alienam:

106 4733 153 4809 ita
173 4727 250 4809 steti
277 4723 433 4830 exempli
450 4721 551 4801 causa
578 4721 614 4796 in
634 4711 1134 4888 petcuslionibtpsncptporum
1150 4731 1223 4784 non
1245 4705 1401 4879 perlfesle
1475 4801 1479 4810 Ι

914 4837 970 4883 m
1023 4835 1046 4880 2
1284 4833 1351 4882 Η·
