<?xml version="1.0" encoding="UTF-8"?>
<!DOCTYPE html PUBLIC "-//W3C//DTD XHTML 1.0 Transitional//EN"
    "http://www.w3.org/TR/xhtml1/DTD/xhtml1-transitional.dtd">
<html xmlns="http://www.w3.org/1999/xhtml" xml:lang="en" lang="en">
 <head>
  <title>
</title>
<meta http-equiv="Content-Type" content="text/html;charset=utf-8" />
  <meta name='ocr-system' content='tesseract 3.04.00' />
  <meta name='ocr-capabilities' content='ocr_page ocr_carea ocr_par ocr_line ocrx_word'/>
</head>
<body>
  <div class='ocr_page' id='page_1' title='image "./opusculaomniaac00pasqgoog_0627.png"; bbox 0 0 3650 5459; ppageno 0'>
   <div class='ocr_carea' id='block_1_1' title="bbox 489 197 1449 388">
    <p class='ocr_par' dir='ltr' id='par_1_1' title="bbox 489 197 1449 388">
     <span class='ocr_line' id='line_1_1' title="bbox 489 197 1449 388; baseline -0.047 -3"><span class='ocrx_word' id='word_1_1' title='bbox 489 269 600 386; x_wconf 80' lang='lat'>608</span> <span class='ocrx_word' id='word_1_2' title='bbox 756 260 1047 368; x_wconf 79' lang='lat' dir='ltr'>Nova</span> <span class='ocrx_word' id='word_1_3' title='bbox 1128 197 1449 388; x_wconf 14' lang='lat' dir='ltr'>Aca-a·</span> 
     </span>
    </p>
   </div>
   <div class='ocr_carea' id='block_1_2' title="bbox 232 441 1797 4838">
    <p class='ocr_par' dir='ltr' id='par_1_2' title="bbox 232 441 1797 4838">
     <span class='ocr_line' id='line_1_2' title="bbox 233 441 1749 594; baseline -0.04 0"><span class='ocrx_word' id='word_1_4' title='bbox 233 497 530 594; x_wconf 65' lang='lat' dir='ltr'>hannerensi</span> <span class='ocrx_word' id='word_1_5' title='bbox 557 509 724 590; x_wconf 78' lang='lat' dir='ltr'>pergere,</span> <span class='ocrx_word' id='word_1_6' title='bbox 751 475 817 569; x_wconf 74' lang='lat' dir='ltr'>nisi</span> <span class='ocrx_word' id='word_1_7' title='bbox 841 471 1021 550; x_wconf 78' lang='lat' dir='ltr'>obsisteret</span> <span class='ocrx_word' id='word_1_8' title='bbox 1048 467 1147 545; x_wconf 83' lang='lat' dir='ltr'>loros</span> <span class='ocrx_word' id='word_1_9' title='bbox 1174 457 1333 544; x_wconf 69' lang='lat' dir='ltr'>clamere</span> <span class='ocrx_word' id='word_1_10' title='bbox 1363 447 1573 554; x_wconf 56' lang='lat' dir='ltr'>bks-Vl·</span> <span class='ocrx_word' id='word_1_11' title='bbox 1593 469 1620 562; x_wconf 78' lang='lat'>‚¹</span> <span class='ocrx_word' id='word_1_12' title='bbox 1638 451 1660 562; x_wconf 55' lang='lat' dir='ltr'>i,</span> <span class='ocrx_word' id='word_1_13' title='bbox 1678 441 1749 544; x_wconf 62' lang='grc' dir='ltr'>φῖ</span> 
     </span>
     <span class='ocr_line' id='line_1_3' title="bbox 233 549 1742 686; baseline -0.033 -16"><span class='ocrx_word' id='word_1_14' title='bbox 233 611 293 670; x_wconf 75' lang='lat' dir='ltr'>nn.</span> <span class='ocrx_word' id='word_1_15' title='bbox 310 617 396 678; x_wconf 82' lang='lat'>1739·</span> <span class='ocrx_word' id='word_1_16' title='bbox 417 592 535 679; x_wconf 83' lang='lat' dir='ltr'>veluti</span> <span class='ocrx_word' id='word_1_17' title='bbox 559 586 727 686; x_wconf 89' lang='lat' dir='ltr'>scopulus</span> <span class='ocrx_word' id='word_1_18' title='bbox 751 573 999 680; x_wconf 85' lang='lat' dir='ltr'>insuperabilis</span> <span class='ocrx_word' id='word_1_19' title='bbox 1025 567 1095 644; x_wconf 86' lang='lat' dir='ltr'>huc</span> <span class='ocrx_word' id='word_1_20' title='bbox 1123 563 1229 664; x_wconf 85' lang='lat' dir='ltr'>usque</span> <span class='ocrx_word' id='word_1_21' title='bbox 1255 553 1509 633; x_wconf 83' lang='lat' dir='ltr'>demonstratis</span> <span class='ocrx_word' id='word_1_22' title='bbox 1537 549 1742 648; x_wconf 75' lang='lat' dir='ltr'>obptcttur.</span> 
     </span>
     <span class='ocr_line' id='line_1_4' title="bbox 235 645 1744 776; baseline -0.037 1"><span class='ocrx_word' id='word_1_23' title='bbox 235 683 281 744; x_wconf 72' lang='grc' dir='ltr'>Μ·</span> <span class='ocrx_word' id='word_1_24' title='bbox 297 679 391 743; x_wconf 59' lang='lat'>²4²⁸·</span> <span class='ocrx_word' id='word_1_25' title='bbox 415 695 562 776; x_wconf 83' lang='lat' dir='ltr'>Scilicet</span> <span class='ocrx_word' id='word_1_26' title='bbox 589 713 633 762; x_wconf 82' lang='lat' dir='ltr'>ex</span> <span class='ocrx_word' id='word_1_27' title='bbox 651 677 942 759; x_wconf 78' lang='lat' dir='ltr'>antecedentibus</span> <span class='ocrx_word' id='word_1_28' title='bbox 960 691 1079 772; x_wconf 88' lang='lat' dir='ltr'>patet,</span> <span class='ocrx_word' id='word_1_29' title='bbox 1104 665 1270 741; x_wconf 80' lang='lat' dir='ltr'>siomnrs</span> <span class='ocrx_word' id='word_1_30' title='bbox 1297 653 1440 732; x_wconf 85' lang='lat' dir='ltr'>numeri</span> <span class='ocrx_word' id='word_1_31' title='bbox 1460 652 1498 728; x_wconf 91' lang='lat' dir='ltr'>in</span> <span class='ocrx_word' id='word_1_32' title='bbox 1517 674 1632 724; x_wconf 83' lang='lat' dir='ltr'>unam</span> <span class='ocrx_word' id='word_1_33' title='bbox 1643 645 1744 762; x_wconf 61' lang='lat' dir='ltr'>suan-</span> 
     </span>
     <span class='ocr_line' id='line_1_5' title="bbox 232 739 1739 876; baseline -0.038 1"><span class='ocrx_word' id='word_1_34' title='bbox 232 761 307 832; x_wconf 58' lang='grc' dir='ltr'>ΡΜ</span> <span class='ocrx_word' id='word_1_35' title='bbox 327 756 355 829; x_wconf 71' lang='lat'>1‘</span> <span class='ocrx_word' id='word_1_36' title='bbox 416 821 512 876; x_wconf 87' lang='lat' dir='ltr'>mam</span> <span class='ocrx_word' id='word_1_37' title='bbox 540 783 793 870; x_wconf 86' lang='lat' dir='ltr'>conserantur,</span> <span class='ocrx_word' id='word_1_38' title='bbox 818 776 862 851; x_wconf 90' lang='lat' dir='ltr'>ab</span> <span class='ocrx_word' id='word_1_39' title='bbox 881 773 1013 850; x_wconf 84' lang='lat' dir='ltr'>Exodo</span> <span class='ocrx_word' id='word_1_40' title='bbox 1039 767 1083 844; x_wconf 86' lang='lat' dir='ltr'>ed</span> <span class='ocrx_word' id='word_1_41' title='bbox 1107 757 1323 840; x_wconf 78' lang='lat' dir='ltr'>exstrusium</span> <span class='ocrx_word' id='word_1_42' title='bbox 1343 751 1519 852; x_wconf 85' lang='lat' dir='ltr'>templum</span> <span class='ocrx_word' id='word_1_43' title='bbox 1543 739 1739 851; x_wconf 69' lang='lat' dir='ltr'>prateriis·</span> 
     </span>
     <span class='ocr_line' id='line_1_6' title="bbox 312 851 1744 979; baseline -0.039 -4"><span class='ocrx_word' id='word_1_44' title='bbox 312 898 318 906; x_wconf 79' lang='grc'>’</span> <span class='ocrx_word' id='word_1_45' title='bbox 415 897 450 973; x_wconf 92' lang='lat' dir='ltr'>se</span> <span class='ocrx_word' id='word_1_46' title='bbox 478 912 591 968; x_wconf 85' lang='lat' dir='ltr'>annos</span> <span class='ocrx_word' id='word_1_47' title='bbox 607 874 694 976; x_wconf 76' lang='grc'><strong>648.</strong></span> <span class='ocrx_word' id='word_1_48' title='bbox 714 877 900 979; x_wconf 86' lang='lat' dir='ltr'>Scriptura</span> <span class='ocrx_word' id='word_1_49' title='bbox 928 893 1047 946; x_wconf 88' lang='lat' dir='ltr'>autem</span> <span class='ocrx_word' id='word_1_50' title='bbox 1075 861 1214 942; x_wconf 83' lang='lat' dir='ltr'>disertis</span> <span class='ocrx_word' id='word_1_51' title='bbox 1239 851 1360 930; x_wconf 86' lang='lat' dir='ltr'>verbis</span> <span class='ocrx_word' id='word_1_52' title='bbox 1385 855 1521 927; x_wconf 73' lang='lat' dir='ltr'>luerit.</span> <span class='ocrx_word' id='word_1_53' title='bbox 1552 851 1635 925; x_wconf 84' lang='lat' dir='ltr'>ait:</span> <span class='ocrx_word' id='word_1_54' title='bbox 1662 855 1744 920; x_wconf 77' lang='lat' dir='ltr'>Ar-</span> 
     </span>
     <span class='ocr_line' id='line_1_7' title="bbox 300 953 1767 1124; baseline -0.035 -56"><span class='ocrx_word' id='word_1_55' title='bbox 300 1061 303 1068; x_wconf 93' lang='lat'>.</span> <span class='ocrx_word' id='word_1_56' title='bbox 416 1023 459 1070; x_wconf 83' lang='lat' dir='ltr'>rto</span> <span class='ocrx_word' id='word_1_57' title='bbox 485 993 528 1065; x_wconf 83' lang='lat' dir='ltr'>ab</span> <span class='ocrx_word' id='word_1_58' title='bbox 554 990 645 1058; x_wconf 84' lang='lat' dir='ltr'>rariter</span> <span class='ocrx_word' id='word_1_59' title='bbox 661 980 890 1080; x_wconf 69' lang='lat' dir='ltr'>israelitarum</span> <span class='ocrx_word' id='word_1_60' title='bbox 907 979 1010 1065; x_wconf 82' lang='lat'>480,</span> <span class='ocrx_word' id='word_1_61' title='bbox 1036 992 1121 1040; x_wconf 79' lang='lat' dir='ltr'>anre</span> <span class='ocrx_word' id='word_1_62' title='bbox 1147 964 1240 1057; x_wconf 78' lang='lat' dir='ltr'>regei</span> <span class='ocrx_word' id='word_1_63' title='bbox 1256 953 1438 1028; x_wconf 71' lang='lat' dir='ltr'>Salomonis</span> <span class='ocrx_word' id='word_1_64' title='bbox 1449 970 1612 1124; x_wconf 49' lang='lat' dir='ltr'>¹perterre,</span> <span class='ocrx_word' id='word_1_65' title='bbox 1638 953 1738 1048; x_wconf 81' lang='lat' dir='ltr'>eoepa&#39;t</span> <span class='ocrx_word' id='word_1_66' title='bbox 1762 1036 1767 1044; x_wconf 88' lang='lat'><em>.</em></span> 
     </span>
     <span class='ocr_line' id='line_1_8' title="bbox 417 1049 1738 1174; baseline -0.035 -4"><span class='ocrx_word' id='word_1_67' title='bbox 417 1083 785 1174; x_wconf 78' lang='lat' dir='ltr'>RexSalomrJehtnae</span> <span class='ocrx_word' id='word_1_68' title='bbox 807 1075 966 1171; x_wconf 80' lang='lat' dir='ltr'>templum</span> <span class='ocrx_word' id='word_1_69' title='bbox 983 1065 1165 1156; x_wconf 74' lang='lat' dir='ltr'>edificare.</span> <span class='ocrx_word' id='word_1_70' title='bbox 1193 1053 1398 1136; x_wconf 89' lang='lat' dir='ltr'>Discrimen</span> <span class='ocrx_word' id='word_1_71' title='bbox 1427 1079 1447 1124; x_wconf 85' lang='lat' dir='ltr'>e</span> <span class='ocrx_word' id='word_1_72' title='bbox 1504 1049 1650 1150; x_wconf 83' lang='lat' dir='ltr'>insigne</span> <span class='ocrx_word' id='word_1_73' title='bbox 1677 1073 1738 1124; x_wconf 82' lang='lat' dir='ltr'>aa·</span> 
     </span>
     <span class='ocr_line' id='line_1_9' title="bbox 417 1152 1733 1276; baseline -0.038 -5"><span class='ocrx_word' id='word_1_74' title='bbox 417 1215 548 1272; x_wconf 88' lang='lat' dir='ltr'>norum</span> <span class='ocrx_word' id='word_1_75' title='bbox 568 1191 657 1259; x_wconf 88' lang='grc' dir='ltr'><strong>ι68.</strong></span> <span class='ocrx_word' id='word_1_76' title='bbox 684 1185 740 1258; x_wconf 91' lang='lat' dir='ltr'>Ita</span> <span class='ocrx_word' id='word_1_77' title='bbox 768 1206 811 1255; x_wconf 85' lang='lat' dir='ltr'>uc</span> <span class='ocrx_word' id='word_1_78' title='bbox 838 1169 983 1276; x_wconf 80' lang='lat' dir='ltr'>qunslio</span> <span class='ocrx_word' id='word_1_79' title='bbox 1001 1167 1166 1244; x_wconf 81' lang='lat' dir='ltr'>oboritur</span> <span class='ocrx_word' id='word_1_80' title='bbox 1182 1153 1331 1234; x_wconf 80' lang='lat' dir='ltr'>maximi</span> <span class='ocrx_word' id='word_1_81' title='bbox 1351 1152 1551 1244; x_wconf 86' lang='lat' dir='ltr'>momenti,</span> <span class='ocrx_word' id='word_1_82' title='bbox 1580 1171 1733 1250; x_wconf 84' lang='lat' dir='ltr'>quomo-</span> 
     </span>
     <span class='ocr_line' id='line_1_10' title="bbox 419 1207 1797 1370; baseline -0.036 -2"><span class='ocrx_word' id='word_1_83' title='bbox 419 1289 467 1370; x_wconf 91' lang='lat' dir='ltr'>do</span> <span class='ocrx_word' id='word_1_84' title='bbox 496 1290 554 1364; x_wconf 88' lang='lat' dir='ltr'>hic</span> <span class='ocrx_word' id='word_1_85' title='bbox 582 1281 694 1360; x_wconf 88' lang='lat' dir='ltr'>nodus</span> <span class='ocrx_word' id='word_1_86' title='bbox 710 1207 830 1366; x_wconf 81' lang='lat' dir='ltr'>solui,</span> <span class='ocrx_word' id='word_1_87' title='bbox 858 1276 893 1346; x_wconf 78' lang='grc' dir='ltr'>δι</span> <span class='ocrx_word' id='word_1_88' title='bbox 914 1269 950 1344; x_wconf 91' lang='lat' dir='ltr'>hi</span> <span class='ocrx_word' id='word_1_89' title='bbox 968 1270 1039 1344; x_wconf 91' lang='lat' dir='ltr'>duo</span> <span class='ocrx_word' id='word_1_90' title='bbox 1058 1259 1220 1349; x_wconf 85' lang='lat' dir='ltr'>numeri,</span> <span class='ocrx_word' id='word_1_91' title='bbox 1246 1255 1341 1332; x_wconf 86' lang='lat' dir='ltr'>inter</span> <span class='ocrx_word' id='word_1_92' title='bbox 1360 1249 1392 1325; x_wconf 93' lang='lat' dir='ltr'>se</span> <span class='ocrx_word' id='word_1_93' title='bbox 1422 1272 1529 1326; x_wconf 87' lang='lat' dir='ltr'>tanto</span> <span class='ocrx_word' id='word_1_94' title='bbox 1557 1249 1734 1323; x_wconf 82' lang='lat' dir='ltr'>interval·</span> <span class='ocrx_word' id='word_1_95' title='bbox 1796 1263 1797 1266; x_wconf 75' lang='grc'>’</span> 
     </span>
     <span class='ocr_line' id='line_1_11' title="bbox 419 1349 1731 1474; baseline -0.033 -7"><span class='ocrx_word' id='word_1_96' title='bbox 419 1394 459 1466; x_wconf 90' lang='lat' dir='ltr'>lo</span> <span class='ocrx_word' id='word_1_97' title='bbox 485 1381 637 1474; x_wconf 81' lang='lat' dir='ltr'>diversi,</span> <span class='ocrx_word' id='word_1_98' title='bbox 665 1385 733 1472; x_wconf 91' lang='grc'><strong>648</strong></span> <span class='ocrx_word' id='word_1_99' title='bbox 761 1376 798 1450; x_wconf 77' lang='lat' dir='ltr'>dc</span> <span class='ocrx_word' id='word_1_100' title='bbox 818 1381 910 1464; x_wconf 85' lang='lat'>480,</span> <span class='ocrx_word' id='word_1_101' title='bbox 937 1364 1124 1444; x_wconf 87' lang='lat' dir='ltr'>conciliati</span> <span class='ocrx_word' id='word_1_102' title='bbox 1152 1378 1304 1461; x_wconf 86' lang='lat' dir='ltr'>queant.</span> <span class='ocrx_word' id='word_1_103' title='bbox 1333 1349 1500 1448; x_wconf 77' lang='lat' dir='ltr'>Plerique</span> <span class='ocrx_word' id='word_1_104' title='bbox 1514 1351 1731 1450; x_wconf 84' lang='lat' dir='ltr'>interpretes</span> 
     </span>
     <span class='ocr_line' id='line_1_12' title="bbox 423 1447 1731 1592; baseline -0.033 -26"><span class='ocrx_word' id='word_1_105' title='bbox 423 1480 663 1592; x_wconf 86' lang='lat' dir='ltr'>pronuntiant</span> <span class='ocrx_word' id='word_1_106' title='bbox 690 1475 879 1554; x_wconf 87' lang='lat' dir='ltr'>seeundum</span> <span class='ocrx_word' id='word_1_107' title='bbox 908 1489 1095 1543; x_wconf 86' lang='lat' dir='ltr'>numerum</span> <span class='ocrx_word' id='word_1_108' title='bbox 1124 1455 1374 1560; x_wconf 79' lang='lat' dir='ltr'>posteriorem,</span> <span class='ocrx_word' id='word_1_109' title='bbox 1399 1447 1539 1548; x_wconf 78' lang='lat' dir='ltr'>scilieet</span> <span class='ocrx_word' id='word_1_110' title='bbox 1565 1449 1612 1524; x_wconf 89' lang='lat' dir='ltr'>ab</span> <span class='ocrx_word' id='word_1_111' title='bbox 1637 1451 1731 1525; x_wconf 81' lang='lat' dir='ltr'>Exo-</span> 
     </span>
     <span class='ocr_line' id='line_1_13' title="bbox 423 1547 1729 1672; baseline -0.032 -7"><span class='ocrx_word' id='word_1_112' title='bbox 423 1589 472 1666; x_wconf 91' lang='lat' dir='ltr'>do</span> <span class='ocrx_word' id='word_1_113' title='bbox 497 1587 542 1664; x_wconf 89' lang='lat' dir='ltr'>ad</span> <span class='ocrx_word' id='word_1_114' title='bbox 569 1579 755 1662; x_wconf 85' lang='lat' dir='ltr'>conditum</span> <span class='ocrx_word' id='word_1_115' title='bbox 783 1572 956 1672; x_wconf 88' lang='lat' dir='ltr'>templum</span> <span class='ocrx_word' id='word_1_116' title='bbox 985 1561 1117 1664; x_wconf 85' lang='lat' dir='ltr'>elapsos</span> <span class='ocrx_word' id='word_1_117' title='bbox 1144 1559 1211 1634; x_wconf 86' lang='lat' dir='ltr'>else</span> <span class='ocrx_word' id='word_1_118' title='bbox 1238 1577 1350 1630; x_wconf 84' lang='lat' dir='ltr'>annos</span> <span class='ocrx_word' id='word_1_119' title='bbox 1375 1555 1485 1642; x_wconf 54' lang='lat'>4⁸05</span> <span class='ocrx_word' id='word_1_120' title='bbox 1523 1547 1656 1650; x_wconf 87' lang='lat' dir='ltr'>idque,</span> <span class='ocrx_word' id='word_1_121' title='bbox 1682 1573 1729 1624; x_wconf 85' lang='lat' dir='ltr'>oe</span> 
     </span>
     <span class='ocr_line' id='line_1_14' title="bbox 423 1648 1722 1788; baseline -0.032 -24"><span class='ocrx_word' id='word_1_122' title='bbox 423 1688 647 1788; x_wconf 83' lang='lat' dir='ltr'>Scriptuttm</span> <span class='ocrx_word' id='word_1_123' title='bbox 665 1683 700 1755; x_wconf 87' lang='lat' dir='ltr'>S.</span> <span class='ocrx_word' id='word_1_124' title='bbox 727 1671 875 1770; x_wconf 85' lang='lat' dir='ltr'>alicujus</span> <span class='ocrx_word' id='word_1_125' title='bbox 900 1665 1011 1743; x_wconf 87' lang='lat' dir='ltr'>errati</span> <span class='ocrx_word' id='word_1_126' title='bbox 1039 1687 1099 1738; x_wconf 89' lang='lat' dir='ltr'>aut</span> <span class='ocrx_word' id='word_1_127' title='bbox 1127 1652 1332 1760; x_wconf 77' lang='lat' dir='ltr'>sphalmatis</span> <span class='ocrx_word' id='word_1_128' title='bbox 1359 1648 1575 1736; x_wconf 75' lang='lat' dir='ltr'>insimulasse</span> <span class='ocrx_word' id='word_1_129' title='bbox 1590 1648 1722 1723; x_wconf 82' lang='lat' dir='ltr'>videto·</span> 
     </span>
     <span class='ocr_line' id='line_1_15' title="bbox 425 1749 1721 1864; baseline -0.034 0"><span class='ocrx_word' id='word_1_130' title='bbox 425 1811 511 1864; x_wconf 86' lang='lat' dir='ltr'>tut.</span> <span class='ocrx_word' id='word_1_131' title='bbox 547 1783 615 1858; x_wconf 86' lang='lat' dir='ltr'>Sed</span> <span class='ocrx_word' id='word_1_132' title='bbox 637 1788 758 1858; x_wconf 83' lang='lat' dir='ltr'>Autoc</span> <span class='ocrx_word' id='word_1_133' title='bbox 775 1768 952 1858; x_wconf 77' lang='lat' dir='ltr'>Clariss,</span> <span class='ocrx_word' id='word_1_134' title='bbox 978 1763 1136 1840; x_wconf 81' lang='lat' dir='ltr'>sinodum</span> <span class='ocrx_word' id='word_1_135' title='bbox 1165 1757 1261 1845; x_wconf 86' lang='lat' dir='ltr'>else,</span> <span class='ocrx_word' id='word_1_136' title='bbox 1288 1750 1404 1842; x_wconf 89' lang='lat' dir='ltr'>dicit,</span> <span class='ocrx_word' id='word_1_137' title='bbox 1430 1775 1449 1823; x_wconf 87' lang='lat' dir='ltr'>t</span> <span class='ocrx_word' id='word_1_138' title='bbox 1479 1749 1640 1848; x_wconf 86' lang='lat' dir='ltr'>partibus</span> <span class='ocrx_word' id='word_1_139' title='bbox 1661 1773 1721 1821; x_wconf 88' lang='lat' dir='ltr'>nu·</span> 
     </span>
     <span class='ocr_line' id='line_1_16' title="bbox 423 1846 1722 1982; baseline -0.034 -18"><span class='ocrx_word' id='word_1_140' title='bbox 423 1882 517 1963; x_wconf 84' lang='lat' dir='ltr'>meti</span> <span class='ocrx_word' id='word_1_141' title='bbox 544 1878 702 1982; x_wconf 72' lang='lat' dir='ltr'>prio‘tis3</span> <span class='ocrx_word' id='word_1_142' title='bbox 729 1874 825 1951; x_wconf 89' lang='lat' dir='ltr'>hunc</span> <span class='ocrx_word' id='word_1_143' title='bbox 852 1889 1040 1944; x_wconf 86' lang='lat' dir='ltr'>numerum</span> <span class='ocrx_word' id='word_1_144' title='bbox 1069 1863 1103 1937; x_wconf 91' lang='lat' dir='ltr'>se</span> <span class='ocrx_word' id='word_1_145' title='bbox 1129 1859 1265 1934; x_wconf 82' lang='lat' dir='ltr'>summa</span> <span class='ocrx_word' id='word_1_146' title='bbox 1292 1874 1375 1926; x_wconf 86' lang='lat' dir='ltr'>cura</span> <span class='ocrx_word' id='word_1_147' title='bbox 1402 1871 1445 1922; x_wconf 82' lang='lat' dir='ltr'>cx</span> <span class='ocrx_word' id='word_1_148' title='bbox 1463 1847 1555 1950; x_wconf 19' lang='lat' dir='ltr'>,ipsis</span> <span class='ocrx_word' id='word_1_149' title='bbox 1574 1846 1722 1947; x_wconf 85' lang='lat' dir='ltr'>Scriptu-</span> 
     </span>
     <span class='ocr_line' id='line_1_17' title="bbox 422 1947 1719 2076; baseline -0.033 -16"><span class='ocrx_word' id='word_1_150' title='bbox 422 2009 471 2060; x_wconf 77' lang='lat' dir='ltr'>ra</span> <span class='ocrx_word' id='word_1_151' title='bbox 499 1981 614 2056; x_wconf 87' lang='lat' dir='ltr'>literis</span> <span class='ocrx_word' id='word_1_152' title='bbox 640 1970 820 2076; x_wconf 79' lang='lat' dir='ltr'>collegisse</span> <span class='ocrx_word' id='word_1_153' title='bbox 843 1995 855 2059; x_wconf 96' lang='lat'>3</span> <span class='ocrx_word' id='word_1_154' title='bbox 882 1965 987 2044; x_wconf 86' lang='lat' dir='ltr'>malle</span> <span class='ocrx_word' id='word_1_155' title='bbox 1015 1961 1049 2038; x_wconf 87' lang='lat' dir='ltr'>se</span> <span class='ocrx_word' id='word_1_156' title='bbox 1073 1959 1110 2036; x_wconf 92' lang='lat' dir='ltr'>in</span> <span class='ocrx_word' id='word_1_157' title='bbox 1140 1981 1214 2034; x_wconf 90' lang='lat' dir='ltr'>uno</span> <span class='ocrx_word' id='word_1_158' title='bbox 1239 1953 1321 2026; x_wconf 88' lang='lat' dir='ltr'>loco</span> <span class='ocrx_word' id='word_1_159' title='bbox 1348 1947 1512 2040; x_wconf 71' lang='lat' dir='ltr'>harere,</span> <span class='ocrx_word' id='word_1_160' title='bbox 1540 1973 1645 2049; x_wconf 81' lang='lat' dir='ltr'>quana</span> <span class='ocrx_word' id='word_1_161' title='bbox 1670 1969 1719 2030; x_wconf 91' lang='lat' dir='ltr'>tot</span> 
     </span>
     <span class='ocr_line' id='line_1_18' title="bbox 423 2047 1716 2159; baseline -0.029 -3"><span class='ocrx_word' id='word_1_162' title='bbox 423 2080 514 2159; x_wconf 86' lang='lat' dir='ltr'>loeis</span> <span class='ocrx_word' id='word_1_163' title='bbox 541 2103 667 2152; x_wconf 87' lang='lat' dir='ltr'>manus</span> <span class='ocrx_word' id='word_1_164' title='bbox 693 2073 871 2152; x_wconf 86' lang='lat' dir='ltr'>violentas</span> <span class='ocrx_word' id='word_1_165' title='bbox 899 2063 1058 2149; x_wconf 86' lang='lat' dir='ltr'>inserte3</span> <span class='ocrx_word' id='word_1_166' title='bbox 1086 2050 1309 2136; x_wconf 86' lang='lat' dir='ltr'>manifestum</span> <span class='ocrx_word' id='word_1_167' title='bbox 1337 2047 1433 2140; x_wconf 89' lang='lat' dir='ltr'>esse,</span> <span class='ocrx_word' id='word_1_168' title='bbox 1468 2073 1577 2150; x_wconf 86' lang='lat' dir='ltr'>quam</span> <span class='ocrx_word' id='word_1_169' title='bbox 1608 2071 1716 2147; x_wconf 82' lang='lat' dir='ltr'>parurn</span> 
     </span>
     <span class='ocr_line' id='line_1_19' title="bbox 425 2147 1716 2266; baseline -0.026 -12"><span class='ocrx_word' id='word_1_170' title='bbox 425 2179 489 2261; x_wconf 79' lang='lat' dir='ltr'>sibi</span> <span class='ocrx_word' id='word_1_171' title='bbox 516 2174 677 2252; x_wconf 83' lang='lat' dir='ltr'>constent</span> <span class='ocrx_word' id='word_1_172' title='bbox 692 2161 947 2266; x_wconf 77' lang='lat' dir='ltr'>chronologi,</span> <span class='ocrx_word' id='word_1_173' title='bbox 973 2158 1103 2262; x_wconf 86' lang='lat' dir='ltr'>prioris</span> <span class='ocrx_word' id='word_1_174' title='bbox 1130 2147 1506 2239; x_wconf 78' lang='lat' dir='ltr'>sententiasautores3</span> <span class='ocrx_word' id='word_1_175' title='bbox 1534 2147 1716 2250; x_wconf 84' lang='lat' dir='ltr'>quemlibet</span> 
     </span>
     <span class='ocr_line' id='line_1_20' title="bbox 424 2247 1715 2360; baseline -0.028 -6"><span class='ocrx_word' id='word_1_176' title='bbox 424 2279 524 2354; x_wconf 85' lang='lat' dir='ltr'>uiant</span> <span class='ocrx_word' id='word_1_177' title='bbox 552 2272 728 2351; x_wconf 87' lang='lat' dir='ltr'>diversam</span> <span class='ocrx_word' id='word_1_178' title='bbox 756 2267 927 2355; x_wconf 73' lang='lat' dir='ltr'>calcasse,</span> <span class='ocrx_word' id='word_1_179' title='bbox 954 2257 1168 2360; x_wconf 79' lang='lat' dir='ltr'>excogitatis</span> <span class='ocrx_word' id='word_1_180' title='bbox 1195 2248 1467 2352; x_wconf 78' lang='lat' dir='ltr'>hypothesibus,</span> <span class='ocrx_word' id='word_1_181' title='bbox 1496 2247 1715 2344; x_wconf 83' lang='lat' dir='ltr'>&amp;synchro-</span> 
     </span>
     <span class='ocr_line' id='line_1_21' title="bbox 319 2345 1718 2469; baseline -0.026 -14"><span class='ocrx_word' id='word_1_182' title='bbox 319 2431 328 2436; x_wconf 89' lang='lat'>-</span> <span class='ocrx_word' id='word_1_183' title='bbox 424 2374 570 2467; x_wconf 87' lang='lat' dir='ltr'>nisntis,</span> <span class='ocrx_word' id='word_1_184' title='bbox 597 2368 824 2469; x_wconf 83' lang='lat' dir='ltr'>distortisque</span> <span class='ocrx_word' id='word_1_185' title='bbox 848 2363 984 2440; x_wconf 85' lang='lat' dir='ltr'>tnituna</span> <span class='ocrx_word' id='word_1_186' title='bbox 1010 2357 1048 2434; x_wconf 92' lang='lat' dir='ltr'>in</span> <span class='ocrx_word' id='word_1_187' title='bbox 1067 2355 1213 2454; x_wconf 85' lang='lat' dir='ltr'>modum</span> <span class='ocrx_word' id='word_1_188' title='bbox 1229 2351 1418 2452; x_wconf 75' lang='lat' dir='ltr'>Scriptura</span> <span class='ocrx_word' id='word_1_189' title='bbox 1435 2347 1559 2426; x_wconf 71' lang='lat' dir='ltr'>distis.</span> <span class='ocrx_word' id='word_1_190' title='bbox 1583 2353 1644 2436; x_wconf 85' lang='lat' dir='ltr'>Se,</span> <span class='ocrx_word' id='word_1_191' title='bbox 1661 2345 1718 2420; x_wconf 87' lang='lat' dir='ltr'>uni</span> 
     </span>
     <span class='ocr_line' id='line_1_22' title="bbox 450 2443 1716 2574; baseline -0.028 -23"><span class='ocrx_word' id='word_1_192' title='bbox 450 2479 609 2574; x_wconf 77' lang='lat' dir='ltr'>lanaque</span> <span class='ocrx_word' id='word_1_193' title='bbox 635 2467 769 2546; x_wconf 84' lang='lat' dir='ltr'>semitae</span> <span class='ocrx_word' id='word_1_194' title='bbox 795 2461 1040 2549; x_wconf 82' lang='lat' dir='ltr'>insilientem,</span> <span class='ocrx_word' id='word_1_195' title='bbox 1064 2456 1101 2534; x_wconf 90' lang='lat' dir='ltr'>in</span> <span class='ocrx_word' id='word_1_196' title='bbox 1120 2453 1192 2532; x_wconf 86' lang='lat' dir='ltr'>fine</span> <span class='ocrx_word' id='word_1_197' title='bbox 1219 2447 1387 2553; x_wconf 87' lang='lat' dir='ltr'>reperisse</span> <span class='ocrx_word' id='word_1_198' title='bbox 1413 2473 1510 2522; x_wconf 89' lang='lat' dir='ltr'>anno</span> <span class='ocrx_word' id='word_1_199' title='bbox 1531 2451 1606 2536; x_wconf 85' lang='grc'><strong>648.</strong></span> <span class='ocrx_word' id='word_1_200' title='bbox 1629 2443 1716 2520; x_wconf 90' lang='lat' dir='ltr'>Nol·</span> 
     </span>
     <span class='ocr_line' id='line_1_23' title="bbox 425 2503 1709 2674; baseline -0.026 -22"><span class='ocrx_word' id='word_1_201' title='bbox 425 2503 460 2652; x_wconf 74' lang='lat' dir='ltr'>se</span> <span class='ocrx_word' id='word_1_202' title='bbox 484 2573 519 2650; x_wconf 90' lang='lat' dir='ltr'>se</span> <span class='ocrx_word' id='word_1_203' title='bbox 545 2593 713 2674; x_wconf 73' lang='lat' dir='ltr'>praterea</span> <span class='ocrx_word' id='word_1_204' title='bbox 729 2563 954 2665; x_wconf 74' lang='lat' dir='ltr'>scripturam</span> <span class='ocrx_word' id='word_1_205' title='bbox 982 2555 1092 2660; x_wconf 85' lang='lat' dir='ltr'>ipsam</span> <span class='ocrx_word' id='word_1_206' title='bbox 1120 2553 1266 2646; x_wconf 85' lang='lat' dir='ltr'>alicujus</span> <span class='ocrx_word' id='word_1_207' title='bbox 1284 2549 1416 2626; x_wconf 86' lang='lat' dir='ltr'>erroris</span> <span class='ocrx_word' id='word_1_208' title='bbox 1439 2547 1610 2624; x_wconf 86' lang='lat' dir='ltr'>accusate:</span> <span class='ocrx_word' id='word_1_209' title='bbox 1634 2568 1709 2644; x_wconf 90' lang='lat' dir='ltr'>ope·</span> 
     </span>
     <span class='ocr_line' id='line_1_24' title="bbox 427 2645 1710 2768; baseline -0.025 -18"><span class='ocrx_word' id='word_1_210' title='bbox 427 2700 474 2750; x_wconf 75' lang='lat' dir='ltr'>tn</span> <span class='ocrx_word' id='word_1_211' title='bbox 502 2694 622 2747; x_wconf 86' lang='lat' dir='ltr'>tamen</span> <span class='ocrx_word' id='word_1_212' title='bbox 651 2665 806 2768; x_wconf 86' lang='lat' dir='ltr'>pretium</span> <span class='ocrx_word' id='word_1_213' title='bbox 826 2663 916 2750; x_wconf 85' lang='lat' dir='ltr'>esse,</span> <span class='ocrx_word' id='word_1_214' title='bbox 946 2657 1191 2760; x_wconf 73' lang='lat' dir='ltr'>indiligenter</span> <span class='ocrx_word' id='word_1_215' title='bbox 1217 2649 1444 2752; x_wconf 86' lang='lat' dir='ltr'>inquiratur,</span> <span class='ocrx_word' id='word_1_216' title='bbox 1469 2645 1641 2748; x_wconf 86' lang='lat' dir='ltr'>quomodo</span> <span class='ocrx_word' id='word_1_217' title='bbox 1654 2667 1710 2720; x_wconf 85' lang='lat' dir='ltr'>nu·</span> 
     </span>
     <span class='ocr_line' id='line_1_25' title="bbox 428 2743 1714 2858; baseline -0.026 -8"><span class='ocrx_word' id='word_1_218' title='bbox 428 2796 548 2850; x_wconf 87' lang='lat' dir='ltr'>metus</span> <span class='ocrx_word' id='word_1_219' title='bbox 577 2772 646 2858; x_wconf 83' lang='lat'>648</span> <span class='ocrx_word' id='word_1_220' title='bbox 674 2760 880 2840; x_wconf 79' lang='lat' dir='ltr'>transiverit</span> <span class='ocrx_word' id='word_1_221' title='bbox 906 2754 945 2832; x_wconf 90' lang='lat' dir='ltr'>in</span> <span class='ocrx_word' id='word_1_222' title='bbox 964 2763 1059 2851; x_wconf 81' lang='lat'><strong>480.</strong></span> <span class='ocrx_word' id='word_1_223' title='bbox 1087 2757 1178 2834; x_wconf 91' lang='lat' dir='ltr'>Non</span> <span class='ocrx_word' id='word_1_224' title='bbox 1204 2747 1394 2853; x_wconf 77' lang='lat' dir='ltr'>acquiescit</span> <span class='ocrx_word' id='word_1_225' title='bbox 1421 2750 1593 2846; x_wconf 80' lang='lat' dir='ltr'>Vr&#39;grroliar</span> <span class='ocrx_word' id='word_1_226' title='bbox 1617 2743 1714 2822; x_wconf 90' lang='lat' dir='ltr'>noller</span> 
     </span>
     <span class='ocr_line' id='line_1_26' title="bbox 430 2843 1715 2970; baseline -0.026 -21"><span class='ocrx_word' id='word_1_227' title='bbox 430 2874 468 2949; x_wconf 89' lang='lat' dir='ltr'>in</span> <span class='ocrx_word' id='word_1_228' title='bbox 497 2868 615 2970; x_wconf 79' lang='lat' dir='ltr'>eliqua</span> <span class='ocrx_word' id='word_1_229' title='bbox 640 2863 796 2943; x_wconf 76' lang='lat' dir='ltr'>lcblione</span> <span class='ocrx_word' id='word_1_230' title='bbox 826 2857 1020 2949; x_wconf 87' lang='lat' dir='ltr'>variante,</span> <span class='ocrx_word' id='word_1_231' title='bbox 1051 2880 1159 2958; x_wconf 86' lang='lat' dir='ltr'>quam</span> <span class='ocrx_word' id='word_1_232' title='bbox 1186 2851 1378 2928; x_wconf 87' lang='lat' dir='ltr'>admittere</span> <span class='ocrx_word' id='word_1_233' title='bbox 1413 2849 1543 2927; x_wconf 88' lang='lat' dir='ltr'>debent</span> <span class='ocrx_word' id='word_1_234' title='bbox 1570 2843 1715 2932; x_wconf 89' lang='lat' dir='ltr'>Critici,</span> 
     </span>
     <span class='ocr_line' id='line_1_27' title="bbox 429 2945 1718 3067; baseline -0.026 -18"><span class='ocrx_word' id='word_1_235' title='bbox 429 2967 601 3050; x_wconf 85' lang='lat' dir='ltr'>extremit</span> <span class='ocrx_word' id='word_1_236' title='bbox 635 2963 794 3067; x_wconf 74' lang='lat' dir='ltr'>apicibus</span> <span class='ocrx_word' id='word_1_237' title='bbox 828 2959 1013 3036; x_wconf 83' lang='lat' dir='ltr'>literarum</span> <span class='ocrx_word' id='word_1_238' title='bbox 1046 2953 1225 3035; x_wconf 85' lang='lat' dir='ltr'>mordicus</span> <span class='ocrx_word' id='word_1_239' title='bbox 1250 2949 1496 3042; x_wconf 69' lang='lat' dir='ltr'>inherentes,</span> <span class='ocrx_word' id='word_1_240' title='bbox 1535 2945 1718 3046; x_wconf 77' lang='lat' dir='ltr'>prasertim</span> 
     </span>
     <span class='ocr_line' id='line_1_28' title="bbox 371 3043 1717 3167; baseline -0.022 -24"><span class='ocrx_word' id='word_1_241' title='bbox 371 3139 374 3143; x_wconf 79' lang='grc'>,</span> <span class='ocrx_word' id='word_1_242' title='bbox 454 3073 512 3148; x_wconf 81' lang='lat' dir='ltr'>uir</span> <span class='ocrx_word' id='word_1_243' title='bbox 539 3065 740 3167; x_wconf 88' lang='lat' dir='ltr'>objiciunt,</span> <span class='ocrx_word' id='word_1_244' title='bbox 765 3059 854 3136; x_wconf 88' lang='lat' dir='ltr'>olim</span> <span class='ocrx_word' id='word_1_245' title='bbox 883 3083 1051 3135; x_wconf 87' lang='lat' dir='ltr'>numeros</span> <span class='ocrx_word' id='word_1_246' title='bbox 1078 3055 1184 3134; x_wconf 88' lang='lat' dir='ltr'>nullis</span> <span class='ocrx_word' id='word_1_247' title='bbox 1208 3051 1483 3138; x_wconf 74' lang='lat' dir='ltr'>cbarahleribus,</span> <span class='ocrx_word' id='word_1_248' title='bbox 1511 3061 1572 3121; x_wconf 85' lang='lat' dir='ltr'>aot</span> <span class='ocrx_word' id='word_1_249' title='bbox 1597 3043 1717 3132; x_wconf 83' lang='lat' dir='ltr'>cifris,</span> 
     </span>
     <span class='ocr_line' id='line_1_29' title="bbox 425 3101 1714 3268; baseline -0.027 -19"><span class='ocrx_word' id='word_1_250' title='bbox 425 3101 486 3250; x_wconf 78' lang='lat' dir='ltr'>sed</span> <span class='ocrx_word' id='word_1_251' title='bbox 502 3163 653 3268; x_wconf 78' lang='lat' dir='ltr'>integris</span> <span class='ocrx_word' id='word_1_252' title='bbox 667 3162 839 3248; x_wconf 88' lang='lat' dir='ltr'>vocibus,</span> <span class='ocrx_word' id='word_1_253' title='bbox 864 3157 1044 3255; x_wconf 81' lang='lat' dir='ltr'>expressos</span> <span class='ocrx_word' id='word_1_254' title='bbox 1062 3157 1155 3232; x_wconf 87' lang='lat' dir='ltr'>csse.</span> <span class='ocrx_word' id='word_1_255' title='bbox 1182 3153 1250 3240; x_wconf 85' lang='lat' dir='ltr'>Sed</span> <span class='ocrx_word' id='word_1_256' title='bbox 1268 3151 1357 3228; x_wconf 88' lang='lat' dir='ltr'>viris</span> <span class='ocrx_word' id='word_1_257' title='bbox 1373 3150 1471 3250; x_wconf 77' lang='lat' dir='ltr'>equis</span> <span class='ocrx_word' id='word_1_258' title='bbox 1488 3148 1522 3218; x_wconf 73' lang='lat' dir='ltr'>oc</span> <span class='ocrx_word' id='word_1_259' title='bbox 1543 3142 1714 3244; x_wconf 81' lang='lat' dir='ltr'>prudenti·</span> 
     </span>
     <span class='ocr_line' id='line_1_30' title="bbox 426 3243 1717 3352; baseline -0.026 -7"><span class='ocrx_word' id='word_1_260' title='bbox 426 3273 492 3346; x_wconf 83' lang='lat' dir='ltr'>bus</span> <span class='ocrx_word' id='word_1_261' title='bbox 519 3269 590 3341; x_wconf 86' lang='lat' dir='ltr'>haec</span> <span class='ocrx_word' id='word_1_262' title='bbox 618 3257 871 3338; x_wconf 86' lang='lat' dir='ltr'>consideranda</span> <span class='ocrx_word' id='word_1_263' title='bbox 899 3249 1105 3352; x_wconf 83' lang='lat' dir='ltr'>proponit:</span> <span class='ocrx_word' id='word_1_264' title='bbox 1139 3254 1282 3347; x_wconf 85' lang='lat' dir='ltr'>primo,</span> <span class='ocrx_word' id='word_1_265' title='bbox 1310 3246 1486 3324; x_wconf 83' lang='lat' dir='ltr'>neminem</span> <span class='ocrx_word' id='word_1_266' title='bbox 1514 3243 1643 3320; x_wconf 75' lang='lat' dir='ltr'>invisit</span> <span class='ocrx_word' id='word_1_267' title='bbox 1669 3267 1717 3314; x_wconf 85' lang='lat' dir='ltr'>ra·</span> 
     </span>
     <span class='ocr_line' id='line_1_31' title="bbox 425 3343 1716 3444; baseline -0.019 -6"><span class='ocrx_word' id='word_1_268' title='bbox 425 3367 529 3438; x_wconf 88' lang='lat' dir='ltr'>tione</span> <span class='ocrx_word' id='word_1_269' title='bbox 556 3352 829 3443; x_wconf 78' lang='lat' dir='ltr'>demonstrasse,</span> <span class='ocrx_word' id='word_1_270' title='bbox 854 3349 1071 3423; x_wconf 87' lang='lat' dir='ltr'>innumeris</span> <span class='ocrx_word' id='word_1_271' title='bbox 1097 3345 1284 3427; x_wconf 83' lang='lat' dir='ltr'>exarandis</span> <span class='ocrx_word' id='word_1_272' title='bbox 1309 3347 1554 3424; x_wconf 76' lang='lat' dir='ltr'>vetustissimos</span> <span class='ocrx_word' id='word_1_273' title='bbox 1576 3343 1716 3444; x_wconf 87' lang='lat' dir='ltr'>scripto-</span> 
     </span>
     <span class='ocr_line' id='line_1_32' title="bbox 425 3444 1711 3572; baseline -0.021 -34"><span class='ocrx_word' id='word_1_274' title='bbox 425 3487 482 3538; x_wconf 85' lang='lat' dir='ltr'>tes</span> <span class='ocrx_word' id='word_1_275' title='bbox 509 3455 614 3572; x_wconf 77' lang='lat' dir='ltr'>nullis</span> <span class='ocrx_word' id='word_1_276' title='bbox 640 3447 905 3566; x_wconf 70' lang='lat' dir='ltr'>charasleribut</span> <span class='ocrx_word' id='word_1_277' title='bbox 928 3447 995 3562; x_wconf 75' lang='lat' dir='ltr'>esse</span> <span class='ocrx_word' id='word_1_278' title='bbox 1024 3447 1101 3546; x_wconf 76' lang='lat' dir='ltr'>psos</span> <span class='ocrx_word' id='word_1_279' title='bbox 1118 3475 1130 3537; x_wconf 91' lang='lat'>3</span> <span class='ocrx_word' id='word_1_280' title='bbox 1150 3449 1328 3546; x_wconf 75' lang='lat' dir='ltr'>secundo,</span> <span class='ocrx_word' id='word_1_281' title='bbox 1353 3449 1476 3550; x_wconf 87' lang='lat' dir='ltr'>utique</span> <span class='ocrx_word' id='word_1_282' title='bbox 1498 3444 1635 3544; x_wconf 83' lang='lat' dir='ltr'>&#39;aliquam</span> <span class='ocrx_word' id='word_1_283' title='bbox 1662 3463 1711 3513; x_wconf 84' lang='lat' dir='ltr'>at·</span> 
     </span>
     <span class='ocr_line' id='line_1_33' title="bbox 425 3544 1707 3655; baseline -0.02 -19"><span class='ocrx_word' id='word_1_284' title='bbox 425 3580 629 3636; x_wconf 78' lang='lat' dir='ltr'>tentionem</span> <span class='ocrx_word' id='word_1_285' title='bbox 658 3576 788 3629; x_wconf 79' lang='lat' dir='ltr'>merere</span> <span class='ocrx_word' id='word_1_286' title='bbox 812 3551 1107 3655; x_wconf 19' lang='lat' dir='ltr'>‘convenientiam</span> <span class='ocrx_word' id='word_1_287' title='bbox 1136 3548 1232 3624; x_wconf 88' lang='lat' dir='ltr'>inter</span> <span class='ocrx_word' id='word_1_288' title='bbox 1258 3547 1479 3631; x_wconf 73' lang='lat' dir='ltr'>charasleres</span> <span class='ocrx_word' id='word_1_289' title='bbox 1507 3553 1572 3636; x_wconf 86' lang='grc'><strong>648</strong></span> <span class='ocrx_word' id='word_1_290' title='bbox 1591 3544 1707 3631; x_wconf 66' lang='lat' dir='ltr'>italo,</span> 
     </span>
     <span class='ocr_line' id='line_1_34' title="bbox 426 3643 1713 3767; baseline -0.016 -35"><span class='ocrx_word' id='word_1_291' title='bbox 426 3655 620 3756; x_wconf 85' lang='lat' dir='ltr'>utrobique</span> <span class='ocrx_word' id='word_1_292' title='bbox 648 3649 799 3767; x_wconf 84' lang='lat' dir='ltr'>reperiri</span> <span class='ocrx_word' id='word_1_293' title='bbox 823 3655 869 3741; x_wconf 92' lang='grc'><strong>48</strong></span> <span class='ocrx_word' id='word_1_294' title='bbox 895 3675 907 3738; x_wconf 89' lang='lat'>3</span> <span class='ocrx_word' id='word_1_295' title='bbox 935 3647 1059 3739; x_wconf 84' lang='lat' dir='ltr'>terrio,</span> <span class='ocrx_word' id='word_1_296' title='bbox 1086 3675 1159 3724; x_wconf 89' lang='lat' dir='ltr'>non</span> <span class='ocrx_word' id='word_1_297' title='bbox 1186 3647 1295 3722; x_wconf 88' lang='lat' dir='ltr'>semel</span> <span class='ocrx_word' id='word_1_298' title='bbox 1321 3646 1515 3738; x_wconf 87' lang='lat' dir='ltr'>accidisse,</span> <span class='ocrx_word' id='word_1_299' title='bbox 1544 3667 1580 3720; x_wconf 88' lang='lat' dir='ltr'>ut</span> <span class='ocrx_word' id='word_1_300' title='bbox 1603 3643 1633 3716; x_wconf 94' lang='lat' dir='ltr'>in</span> <span class='ocrx_word' id='word_1_301' title='bbox 1658 3664 1713 3714; x_wconf 91' lang='lat' dir='ltr'>nu·</span> 
     </span>
     <span class='ocr_line' id='line_1_35' title="bbox 427 3741 1720 3846; baseline -0.018 -13"><span class='ocrx_word' id='word_1_302' title='bbox 427 3756 536 3832; x_wconf 85' lang='lat' dir='ltr'>meris</span> <span class='ocrx_word' id='word_1_303' title='bbox 563 3778 644 3827; x_wconf 90' lang='lat' dir='ltr'>cum</span> <span class='ocrx_word' id='word_1_304' title='bbox 672 3749 783 3838; x_wconf 81' lang='lat' dir='ltr'>cisra,</span> <span class='ocrx_word' id='word_1_305' title='bbox 810 3746 867 3822; x_wconf 83' lang='lat' dir='ltr'>vel</span> <span class='ocrx_word' id='word_1_306' title='bbox 896 3745 1208 3846; x_wconf 81' lang='lat' dir='ltr'>pluribuscifris,</span> <span class='ocrx_word' id='word_1_307' title='bbox 1236 3747 1429 3824; x_wconf 85' lang='lat' dir='ltr'>scribendis</span> <span class='ocrx_word' id='word_1_308' title='bbox 1459 3741 1720 3822; x_wconf 87' lang='lat' dir='ltr'>mutatiointer·</span> 
     </span>
     <span class='ocr_line' id='line_1_36' title="bbox 424 3843 1720 3937; baseline -0.021 1"><span class='ocrx_word' id='word_1_309' title='bbox 424 3853 591 3937; x_wconf 84' lang='lat' dir='ltr'>uenerit,</span> <span class='ocrx_word' id='word_1_310' title='bbox 618 3876 691 3924; x_wconf 88' lang='lat' dir='ltr'>non</span> <span class='ocrx_word' id='word_1_311' title='bbox 719 3844 886 3922; x_wconf 78' lang='lat' dir='ltr'>absimilis</span> <span class='ocrx_word' id='word_1_312' title='bbox 912 3845 989 3936; x_wconf 92' lang='lat' dir='ltr'>illi,</span> <span class='ocrx_word' id='word_1_313' title='bbox 1016 3843 1259 3935; x_wconf 78' lang='lat' dir='ltr'>silletuatut,</span> <span class='ocrx_word' id='word_1_314' title='bbox 1287 3847 1503 3924; x_wconf 83' lang='lat' dir='ltr'>6trtnfiilse</span> <span class='ocrx_word' id='word_1_315' title='bbox 1523 3847 1562 3921; x_wconf 88' lang='lat' dir='ltr'>in</span> <span class='ocrx_word' id='word_1_316' title='bbox 1579 3873 1622 3917; x_wconf 84' lang='lat' dir='ltr'>o.</span> <span class='ocrx_word' id='word_1_317' title='bbox 1647 3845 1720 3914; x_wconf 83' lang='lat' dir='ltr'>l-let</span> 
     </span>
     <span class='ocr_line' id='line_1_37' title="bbox 423 3940 1723 4062; baseline -0.014 -30"><span class='ocrx_word' id='word_1_318' title='bbox 423 3953 600 4032; x_wconf 86' lang='lat' dir='ltr'>sententia</span> <span class='ocrx_word' id='word_1_319' title='bbox 627 3946 799 4062; x_wconf 79' lang='lat' dir='ltr'>exemplis</span> <span class='ocrx_word' id='word_1_320' title='bbox 834 3945 999 4044; x_wconf 85' lang='lat' dir='ltr'>plurimis</span> <span class='ocrx_word' id='word_1_321' title='bbox 1025 3945 1096 4024; x_wconf 88' lang='lat' dir='ltr'>luci</span> <span class='ocrx_word' id='word_1_322' title='bbox 1124 3945 1319 4024; x_wconf 77' lang='lat' dir='ltr'>clarissime</span> <span class='ocrx_word' id='word_1_323' title='bbox 1354 3947 1591 4045; x_wconf 80' lang='lat' dir='ltr'>exponitur.</span> <span class='ocrx_word' id='word_1_324' title='bbox 1626 3940 1723 4020; x_wconf 86' lang='lat' dir='ltr'>Deni-</span> 
     </span>
     <span class='ocr_line' id='line_1_38' title="bbox 423 4043 1722 4158; baseline -0.016 -27"><span class='ocrx_word' id='word_1_325' title='bbox 423 4082 527 4158; x_wconf 76' lang='lat' dir='ltr'>que,</span> <span class='ocrx_word' id='word_1_326' title='bbox 541 4073 623 4126; x_wconf 89' lang='lat' dir='ltr'>cum</span> <span class='ocrx_word' id='word_1_327' title='bbox 639 4045 719 4123; x_wconf 82' lang='lat' dir='ltr'>sieri</span> <span class='ocrx_word' id='word_1_328' title='bbox 746 4072 820 4121; x_wconf 88' lang='lat' dir='ltr'>non</span> <span class='ocrx_word' id='word_1_329' title='bbox 836 4043 941 4144; x_wconf 85' lang='lat' dir='ltr'>possit</span> <span class='ocrx_word' id='word_1_330' title='bbox 965 4098 976 4135; x_wconf 94' lang='lat'>,</span> <span class='ocrx_word' id='word_1_331' title='bbox 1007 4067 1045 4118; x_wconf 89' lang='lat' dir='ltr'>ut</span> <span class='ocrx_word' id='word_1_332' title='bbox 1062 4045 1161 4120; x_wconf 89' lang='lat' dir='ltr'>locus</span> <span class='ocrx_word' id='word_1_333' title='bbox 1178 4045 1289 4119; x_wconf 70' lang='lat' dir='ltr'>Alter.</span> <span class='ocrx_word' id='word_1_334' title='bbox 1307 4047 1403 4124; x_wconf 87' lang='lat' dir='ltr'>Xsll</span> <span class='ocrx_word' id='word_1_335' title='bbox 1435 4045 1632 4122; x_wconf 84' lang='lat' dir='ltr'>conveniat</span> <span class='ocrx_word' id='word_1_336' title='bbox 1657 4063 1722 4116; x_wconf 87' lang='lat' dir='ltr'>eun</span> 
     </span>
     <span class='ocr_line' id='line_1_39' title="bbox 429 4140 1725 4261; baseline -0.015 -33"><span class='ocrx_word' id='word_1_337' title='bbox 429 4149 619 4246; x_wconf 78' lang='lat' dir='ltr'>r.1ceg.v1</span> <span class='ocrx_word' id='word_1_338' title='bbox 639 4199 653 4236; x_wconf 93' lang='lat'>,</span> <span class='ocrx_word' id='word_1_339' title='bbox 679 4171 724 4221; x_wconf 90' lang='lat' dir='ltr'>ne</span> <span class='ocrx_word' id='word_1_340' title='bbox 740 4145 925 4261; x_wconf 66' lang='lat' dir='ltr'>Scriptura</span> <span class='ocrx_word' id='word_1_341' title='bbox 943 4147 976 4218; x_wconf 88' lang='lat' dir='ltr'>S.</span> <span class='ocrx_word' id='word_1_342' title='bbox 1005 4143 1120 4220; x_wconf 88' lang='lat' dir='ltr'>secum</span> <span class='ocrx_word' id='word_1_343' title='bbox 1140 4144 1213 4246; x_wconf 89' lang='lat' dir='ltr'>ipsa</span> <span class='ocrx_word' id='word_1_344' title='bbox 1231 4143 1506 4239; x_wconf 86' lang='lat' dir='ltr'>committatur,</span> <span class='ocrx_word' id='word_1_345' title='bbox 1542 4140 1725 4228; x_wconf 86' lang='lat' dir='ltr'>concludit,</span> 
     </span>
     <span class='ocr_line' id='line_1_40' title="bbox 426 4243 1725 4336; baseline -0.018 -9"><span class='ocrx_word' id='word_1_346' title='bbox 426 4271 616 4326; x_wconf 85' lang='lat' dir='ltr'>numerum</span> <span class='ocrx_word' id='word_1_347' title='bbox 636 4251 705 4335; x_wconf 87' lang='grc'><strong>648</strong></span> <span class='ocrx_word' id='word_1_348' title='bbox 735 4243 962 4320; x_wconf 81' lang='lat' dir='ltr'>retinendum</span> <span class='ocrx_word' id='word_1_349' title='bbox 991 4243 1086 4316; x_wconf 87' lang='lat' dir='ltr'>esse.</span> <span class='ocrx_word' id='word_1_350' title='bbox 1115 4249 1194 4317; x_wconf 83' lang='lat' dir='ltr'>Non</span> <span class='ocrx_word' id='word_1_351' title='bbox 1221 4247 1376 4320; x_wconf 79' lang='lat' dir='ltr'>debemur</span> <span class='ocrx_word' id='word_1_352' title='bbox 1393 4297 1405 4336; x_wconf 87' lang='lat'>,</span> <span class='ocrx_word' id='word_1_353' title='bbox 1421 4247 1485 4326; x_wconf 63' lang='lat' dir='ltr'>&#39;ait</span> <span class='ocrx_word' id='word_1_354' title='bbox 1511 4274 1598 4322; x_wconf 69' lang='lat' dir='ltr'>cum</span> <span class='ocrx_word' id='word_1_355' title='bbox 1616 4243 1725 4318; x_wconf 60' lang='grc' dir='ltr'>[ζωήν.</span> 
     </span>
     <span class='ocr_line' id='line_1_41' title="bbox 426 4339 1726 4453; baseline -0.005 -32"><span class='ocrx_word' id='word_1_356' title='bbox 426 4357 481 4443; x_wconf 84' lang='lat' dir='ltr'>la,</span> <span class='ocrx_word' id='word_1_357' title='bbox 505 4349 545 4420; x_wconf 86' lang='lat' dir='ltr'>ob</span> <span class='ocrx_word' id='word_1_358' title='bbox 563 4347 696 4418; x_wconf 80' lang='lat' dir='ltr'>aticum</span> <span class='ocrx_word' id='word_1_359' title='bbox 716 4341 761 4418; x_wconf 68' lang='lat'>(9¹</span> <span class='ocrx_word' id='word_1_360' title='bbox 770 4345 979 4453; x_wconf 74' lang='lat' dir='ltr'>fingalarem</span> <span class='ocrx_word' id='word_1_361' title='bbox 1001 4345 1108 4415; x_wconf 80' lang='lat' dir='ltr'>locum</span> <span class='ocrx_word' id='word_1_362' title='bbox 1121 4344 1311 4442; x_wconf 81' lang='lat' dir='ltr'>postponere</span> <span class='ocrx_word' id='word_1_363' title='bbox 1327 4365 1375 4417; x_wconf 83' lang='lat' dir='ltr'>tet</span> <span class='ocrx_word' id='word_1_364' title='bbox 1390 4346 1477 4420; x_wconf 80' lang='lat' dir='ltr'>alr&#39;or</span> <span class='ocrx_word' id='word_1_365' title='bbox 1493 4339 1726 4437; x_wconf 75' lang='lat' dir='ltr'>ejusdemsrn&#39;·</span> 
     </span>
     <span class='ocr_line' id='line_1_42' title="bbox 423 4441 1726 4546; baseline -0.01 -24"><span class='ocrx_word' id='word_1_366' title='bbox 423 4469 534 4546; x_wconf 79' lang='lat' dir='ltr'>ptarae</span> <span class='ocrx_word' id='word_1_367' title='bbox 550 4467 658 4519; x_wconf 84' lang='lat' dir='ltr'>tratas</span> <span class='ocrx_word' id='word_1_368' title='bbox 677 4500 689 4535; x_wconf 93' lang='lat'>,</span> <span class='ocrx_word' id='word_1_369' title='bbox 715 4466 777 4516; x_wconf 79' lang='lat' dir='ltr'>arat</span> <span class='ocrx_word' id='word_1_370' title='bbox 796 4444 867 4514; x_wconf 81' lang='lat' dir='ltr'>illas</span> <span class='ocrx_word' id='word_1_371' title='bbox 886 4441 1036 4514; x_wconf 79' lang='lat' dir='ltr'>violenta</span> <span class='ocrx_word' id='word_1_372' title='bbox 1053 4443 1324 4540; x_wconf 80' lang='lat' dir='ltr'>interpretatione</span> <span class='ocrx_word' id='word_1_373' title='bbox 1349 4445 1470 4521; x_wconf 76' lang='lat' dir='ltr'>abuti.</span> <span class='ocrx_word' id='word_1_374' title='bbox 1500 4449 1646 4522; x_wconf 87' lang='lat' dir='ltr'>Scimus</span> <span class='ocrx_word' id='word_1_375' title='bbox 1667 4463 1726 4514; x_wconf 86' lang='lat' dir='ltr'>tan·</span> 
     </span>
     <span class='ocr_line' id='line_1_43' title="bbox 426 4541 1726 4657; baseline -0.009 -37"><span class='ocrx_word' id='word_1_376' title='bbox 426 4546 530 4639; x_wconf 88' lang='lat' dir='ltr'>dem,</span> <span class='ocrx_word' id='word_1_377' title='bbox 557 4543 1035 4657; x_wconf 49' lang='lat' dir='ltr'>celeberrimumfsutorem</span> <span class='ocrx_word' id='word_1_378' title='bbox 1054 4567 1095 4617; x_wconf 88' lang='lat' dir='ltr'>ea</span> <span class='ocrx_word' id='word_1_379' title='bbox 1113 4545 1180 4616; x_wconf 88' lang='lat' dir='ltr'>esse</span> <span class='ocrx_word' id='word_1_380' title='bbox 1200 4566 1346 4634; x_wconf 86' lang='lat' dir='ltr'>mente,</span> <span class='ocrx_word' id='word_1_381' title='bbox 1367 4568 1427 4636; x_wconf 89' lang='lat' dir='ltr'>ur,</span> <span class='ocrx_word' id='word_1_382' title='bbox 1444 4541 1469 4618; x_wconf 84' lang='lat' dir='ltr'>si</span> <span class='ocrx_word' id='word_1_383' title='bbox 1489 4547 1576 4647; x_wconf 80' lang='lat' dir='ltr'>quis</span> <span class='ocrx_word' id='word_1_384' title='bbox 1588 4546 1726 4618; x_wconf 75' lang='lat' dir='ltr'>virorum</span> 
     </span>
     <span class='ocr_line' id='line_1_44' title="bbox 427 4633 1732 4746; baseline -0.01 -28"><span class='ocrx_word' id='word_1_385' title='bbox 427 4641 616 4720; x_wconf 77' lang='lat' dir='ltr'>doslorum</span> <span class='ocrx_word' id='word_1_386' title='bbox 632 4642 775 4719; x_wconf 73' lang='lat' dir='ltr'>meliori</span> <span class='ocrx_word' id='word_1_387' title='bbox 794 4660 935 4714; x_wconf 89' lang='lat' dir='ltr'>tattone</span> <span class='ocrx_word' id='word_1_388' title='bbox 952 4633 1047 4717; x_wconf 89' lang='lat' dir='ltr'>hunc</span> <span class='ocrx_word' id='word_1_389' title='bbox 1062 4641 1194 4718; x_wconf 87' lang='lat' dir='ltr'>nodum</span> <span class='ocrx_word' id='word_1_390' title='bbox 1222 4638 1365 4720; x_wconf 85' lang='lat' dir='ltr'>solvere</span> <span class='ocrx_word' id='word_1_391' title='bbox 1379 4641 1515 4744; x_wconf 79' lang='lat' dir='ltr'>polilt,</span> <span class='ocrx_word' id='word_1_392' title='bbox 1547 4643 1688 4746; x_wconf 84' lang='lat' dir='ltr'>pedibus</span> <span class='ocrx_word' id='word_1_393' title='bbox 1701 4636 1732 4706; x_wconf 85' lang='lat' dir='ltr'>io</span> 
     </span>
     <span class='ocr_line' id='line_1_45' title="bbox 1623 4764 1691 4838; baseline -0.088 -24"><span class='ocrx_word' id='word_1_394' title='bbox 1623 4764 1691 4838; x_wconf 69' lang='lat' dir='ltr'>qus</span> 
     </span>
    </p>
   </div>
   <div class='ocr_carea' id='block_1_3' title="bbox 239 2901 409 2990">
    <p class='ocr_par' dir='ltr' id='par_1_3' title="bbox 239 2901 409 2990">
     <span class='ocr_line' id='line_1_46' title="bbox 239 2901 409 2990; baseline 0 -20"><span class='ocrx_word' id='word_1_395' title='bbox 239 2909 317 2990; x_wconf 76' lang='lat' dir='ltr'>Peg.</span> <span class='ocrx_word' id='word_1_396' title='bbox 340 2901 409 2970; x_wconf 73' lang='lat' dir='ltr'>tob.</span> 
     </span>
    </p>
   </div>
   <div class='ocr_carea' id='block_1_4' title="bbox 0 0 1847 5459">
    <p class='ocr_par' dir='ltr' id='par_1_4' title="bbox 0 0 1847 5459">
     <span class='ocr_line' id='line_1_47' title="bbox 0 0 1847 5459; baseline 0 0"><span class='ocrx_word' id='word_1_397' title='bbox 0 0 1847 5459; x_wconf 95' lang='lat' dir='ltr'> </span> 
     </span>
    </p>
   </div>
  </div>
 </body>
</html>
