3650 5459
338 297 1113 453 hunnorum·
1209 308 1300 422 '621

47 521 201 596 retrone
234 546 370 599 motus
393 525 586 600 fluidorum
614 521 909 618 considerantur,
939 551 1011 604 non
1039 527 1293 623 effluentium,
1319 535 1376 614 sed
1393 555 1557 624 Aturus,

47 645 135 697 trra
170 625 310 698 latera
338 625 501 699 uasorum
529 651 825 727 quorumcunque
860 627 1108 727 agitatorum:
1144 632 1204 705 ubi
1239 634 1376 732 prafer·
1398 643 1558 716 Art-¹73⁹·

47 722 103 796 im
137 747 294 798 motus
319 723 529 799 oscillatorii
556 726 599 800 ad
625 725 805 801 mensuras
831 751 1080 820 revocantur,
1108 756 1302 832 eorumque
1328 735 1377 808 af·
1399 715 1544 782 Misi
1649 756 1654 764 ·

47 822 291 898 essionibus
308 824 495 917 indicatis,
522 823 752 918 ostenditur,
767 826 894 926 quibus
910 827 948 900 in
969 829 1192 922 casibusliat,
1220 855 1258 904 ut
1275 831 1376 908 oscil-

47 923 219 998 ationes
255 925 410 999 diversa·
422 925 636 1000 excursionis
653 923 719 998 bnt
738 922 952 1018 isocbronae,
980 929 1014 1000 ἃ
1033 953 1109 1028 qua
1127 929 1167 1002 fir
1184 930 1374 1032 longitudo

47 1021 202 1096 renduli
236 1024 411 1124 fimplicis
437 1024 647 1105 isoclrroni.
673 1030 713 1096 ln
726 1029 869 1124 septima
886 1025 1032 1099 sessione
1056 1029 1098 1099 de
1116 1027 1248 1103 effluxu
1270 1058 1376 1130 aqua·
1423 1033 1427 1043 '

50 1147 121 1197 um
142 1149 199 1197 ex
221 1125 320 1198 vasis
337 1125 519 1199 submersis
533 1127 671 1226 agitur.
698 1127 773 1199 Ubi
792 1125 1021 1226 fingularibus
1031 1127 1201 1223 exemplis
1218 1127 1375 1205 ostendo·
1432 1141 1433 1144 ’

48 1249 73 1297 ε
96 1247 285 1298 conatur
304 1230 454 1314 Autor,
479 1251 587 1326 quam
605 1226 791 1324 insigniter
817 1226 904 1300 utile
931 1225 970 1298 srr
989 1224 1204 1325 principium
1233 1228 1370 1302 conser-

47 1323 222 1398 ratiouia
241 1323 382 1396 virium
401 1323 587 1416 vivarum,
614 1326 671 1399 uel
690 1323 735 1396 iis
754 1324 790 1398 in
809 1323 961 1415 casibus,
974 1325 1101 1423 quibus
1120 1323 1294 1400 continuo
1314 1327 1376 1400 ali·

47 1424 132 1525 quid
162 1424 216 1496 de
238 1423 317 1496 illis
336 1423 435 1520 perdi
461 1423 672 1501 tensendum
691 1422 755 1496 est.
787 1426 831 1497 In
858 1423 980 1496 oslava
1008 1445 1126 1498 motus
1152 1421 1376 1516 fluidorum,

47 1549 127 1598 :um
149 1523 477 1624 homogeneorum
501 1578 512 1613 ,
538 1545 616 1598 tum
636 1525 987 1625 heterogeneorutn,
1015 1522 1178 1624 pervasa
1205 1522 1375 1624 irregula-

47 1622 162 1696 ris'&
186 1645 382 1724 praeruptae
408 1623 609 1715 strusturae,
636 1647 894 1722 exponuntur:
923 1621 983 1696 ubi
1009 1647 1054 1695 ear
1080 1620 1218 1695 theoria
1238 1621 1373 1697 virium

47 1722 229 1797 vivarum
253 1777 276 1811 ,.
294 1748 444 1822 quarum
470 1749 549 1822 pars
575 1727 751 1797 continuo
779 1723 1013 1810 absorbetur,
1050 1721 1282 1818 phaenomena
1310 1721 1375 1796 sra-

47 1823 195 1923 gularia
226 1823 427 1898 fluidorum
457 1848 519 1922 per
537 1823 636 1921 plura
663 1822 841 1895 foramina
868 1819 1101 1915 trajesiorum
1123 1824 1244 1908 Autor
1262 1821 1374 1918 expli·

47 1945 133 2015 cat,
164 1922 358 2023 praemissis
387 1921 518 2022 regulis
545 1921 787 2020 generalibus,
813 1946 883 2018 pro
898 1919 1058 1994 motibus
1085 1917 1275 1994 fluidorum
1297 1919 1374 1992 ubi·

47 2045 121 2122 que
150 2021 403 2098 deliniendis.
439 2024 483 2095 In
510 2049 592 2094 sorra
620 2023 662 2096 de
690 2045 791 2094 motu
818 2018 1013 2095 fluidorum
1042 2017 1158 2092 sermo
1185 2017 1261 2108 est,
1296 2041 1373 2118 quar

49 2146 130 2197 non
163 2121 323 2222 proprio
350 2121 527 2222 pondere,
553 2121 609 2196 sed
629 2122 790 2221 potentia
809 2121 944 2209 aliena,
971 2120 1181 2219 ejiciuntur.
1211 2119 1295 2208 Qua
1313 2143 1373 2190 oc*

50 2220 198 2296 casrone
231 2225 273 2298 de
302 2221 476 2295 machinis
504 2221 722 2316 potiflirnum
742 2221 978 2316 hydraulicis,
1006 2241 1203 2317 earumque
1222 2215 1374 2306 ultimo,

48 2321 113 2418 qui
136 2319 223 2400 dari
243 2321 378 2418 potest,
403 2320 632 2422 perfessionis
650 2323 783 2421 gradu,
811 2319 1044 2419 disquiritur:
1074 2315 1230 2392 desebius
1257 2313 1374 2389 abilis
1521 2417 1522 2420 Ἴ

51 2419 318 2514 perfessione,
354 2425 489 2516 &pars
515 2422 686 2513 potentia
703 2417 898 2507 absolutae,
926 2441 1002 2512 quae
1029 2419 1067 2485 in
1095 2411 1270 2485 machinis
1295 2412 1372 2510 qui-
1394 2401 1466 2484 1'23·
1487 2399 1560 2464 ²⁶⁸·

51 2515 209 2594 busdam
242 2519 399 2591 maxime
428 2516 578 2610 receptis
594 2513 709 2610 perit,
736 2512 872 2584 calculo
898 2510 1085 2606 subjicitur
1106 2507 1271 2597 ,additis
1289 2535 1374 2607 pra·

50 2620 198 2786 cqptis,
227 2618 271 2786 ap
290 2641 381 2787 quaeE
394 2613 431 2685 in
452 2611 691 2784 coplslruendis
718 2611 823 2783 nspvis
850 2607 1149 2784 machinbamenrie
1172 2604 1315 2782 lqpimpqp
1329 2607 1372 2684 fit

48 2736 235 2787 averten
264 2740 321 2786 us.
385 2737 467 2786 rtem
509 2741 520 2786 r
555 2737 727 2788 oconon
759 2737 831 2784 1rna
905 2735 1062 2786 eorem
1091 2733 1167 2781 mae
1197 2733 1258 2782 roa
1318 2732 1372 2781 ar·

48 2811 188 2907 tyensis
219 2808 390 2903 affertur,
417 2741 529 2886 ac'pde
549 2840 589 2888 ea
609 2813 778 2901 docetur,
807 2818 822 2898 (
842 2738 1311 2904 stpemododescriptionibus
1330 2805 1370 2880 fr-

52 2912 218 2984 dendum
241 2911 280 2984 fir
297 2921 342 3000 ,)
369 2913 464 3010 quod
493 2939 565 2987 non
594 2914 686 2986 ultra
715 2913 1042 3012 quinquagesimam
1072 2907 1205 2981 sextam
1235 2929 1372 3005 partem

53 3011 156 3083 illius
186 3035 284 3106 aquae
311 3011 532 3107 suppeditet,
561 3039 690 3112 quam,
717 3013 846 3085 ceteris
875 3011 1036 3108 paribus,
1065 3005 1228 3079 machina
1257 3001 1371 3102 perse·

60 3109 118 3183 &a
145 3105 371 3205 suppeditare
398 3131 534 3200 questi
563 3139 603 3178 ae
632 3108 809 3203 poliremo
835 3111 945 3176 etiam
973 3107 1144 3200 bagulare
1173 3102 1376 3175 instituitur·-

65 3231 215 3281 examen
244 3205 286 3280 de
312 3201 454 3275 cochlea
471 3205 706 3272 Archimedis.
734 3209 881 3300 Semper
908 3227 1058 3292 autem,
1087 3227 1125 3276 ut
1153 3199 1373 3275 demonstrat

65 3311 207 3396 Autor,
235 3302 396 3404 potentia
425 3325 593 3391 movens,
620 3300 725 3373 dosia
753 3301 792 3371 in
810 3317 949 3398 tempus
977 3305 1011 3370 ἃ
1032 3303 1262 3369 velocitatem
1284 3323 1372 3393 pun·

62 3405 133 3495 ui,
158 3405 215 3478 cui
241 3401 417 3502 applicata
444 3401 498 3474 est
522 3450 532 3485 ,
560 3399 658 3470 dabit
680 3397 890 3491 prodobiurn
919 3425 963 3470 ex
981 3396 1184 3496 quantitate
1211 3419 1308 3494 aqua
1336 3393 1371 3464 δε

68 3505 286 3590 altitudine,
313 3502 484 3596 adquam
513 3493 574 3568 ilia
602 3495 805 3592 quantitas,
832 3499 916 3565 dato
934 3519 1118 3590 tempore,
1144 3495 1277 3565 elevari
1298 3491 1375 3588 pos-

75 3603 112 3678 it
133 3657 143 3693 ,
174 3631 243 3701 ope
270 3599 443 3673 machinae
460 3597 548 3667 datae
569 3649 579 3682 ,
606 3590 762 3689 sepofitis
781 3591 1046 3687 impedimentis
1066 3591 1167 3662 aliis.
1204 3591 1374 3688 Sequitur

68 3703 165 3774 terlio
182 3702 318 3776 decima
341 3753 352 3792 ,
379 3723 454 3797 quse
474 3691 682 3767 affcsiiones
709 3693 744 3761 be
771 3712 888 3760 motus
905 3687 1097 3761 fluidorum
1119 3688 1375 3783 classicorum,

74 3804 240 3897 precipue
256 3803 376 3888 aeris,
402 3801 438 3868 dt
456 3791 592 3868 accensi
611 3789 769 3888 pulveris
800 3787 925 3898 pyrii,
952 3789 1129 3884 exponit.
1158 3789 1276 3860 Notat
1304 3789 1375 3864 hoe

72 3891 147 3973 loco
161 3902 237 3975 Vir
250 3897 497 3984 Clarissimus,
518 3893 729 3994 pressionem
751 3889 840 3960 aeris
862 3886 1008 3975 minime
1026 3887 1192 3986 aequalern
1208 3889 1273 3956 else
1288 3911 1374 3982 pon·

76 3999 142 4073 deri
160 3999 322 4076 absoluto
342 3999 655 4080 columnaeaereae,
682 3984 1250 4087 superficieidataeincumbentis,
1277 3985 1375 4080 quod

76 4097 235 4176 basianus
262 4096 519 4172 inconfiderate
547 4091 736 4166 affirmalie
757 4095 914 4162 Antores
941 4087 1158 4175 contendit,
1184 4081 1239 4152 sed
1262 4107 1373 4176 quan-

79 4197 167 4275 titati
194 4216 328 4300 quarta
354 4193 650 4295 proportionali,
677 4193 721 4263 ad
742 4184 969 4287 superficiem
997 4211 1099 4258 terra
1128 4207 1271 4268 totam,
1300 4203 1375 4252 ma·

80 4299 294 4397 gnitudinenr
321 4295 518 4393 superficiei
537 4296 650 4380 data,
676 4289 866 4387 &pondus
892 4287 1006 4359 totius
1024 4283 1280 4383 atmospbaerat
1310 4276 1374 4351 sci·

81 4398 174 4491 licet,
201 4396 328 4496 ubique
358 4400 520 4468 lotorum
548 4393 696 4465 eandem
724 4385 917 4478 effereris,
943 4395 1046 4476 (cunt
1068 4377 1374 4492 reliquo'nonima

83 4499 222 4595 peditam
241 4493 608 4570 communicationem
630 4488 835 4572 habentis,)
861 4485 899 4559 in
921 4488 998 4582 pari
1025 4513 1044 4559 a
1063 4479 1246 4580 superficie
1265 4497 1374 4548 matrs

87 4597 280 4686 altitudine,
308 4591 541 4696 pressionem,
569 4590 593 4663 st
614 4585 844 4682 atmospltaeta
861 4586 898 4658 in
918 4586 1006 4660 statu
1030 4573 1377 4678 permdncntearqui·

79 4695 170 4772 .librii
186 4694 314 4848 posta,
342 4695 518 4795 nullisque
538 4691 655 4768 ventis
682 4687 846 4786 agitata,
873 4683 1131 4800 concipiatur,
1156 4695 1373 4850 qutequpique
