3650 5459
526 294 1444 451 ‘'3181N0vnAcrn

281 502 442 605 fflsssfud,
458 513 526 587 lem
556 509 725 585 libratum
753 510 956 587 fasciculum
975 512 1380 615 amo-epiglottidaet'tm,
1405 511 1512 587 librat
1528 514 1687 616 quasdam
1704 520 1735 597 iu

283 612 625 713 nn.17333extmplo
655 612 807 701 mittit,
832 636 937 712 quem
967 614 1142 711 appellare
1170 612 1598 711 thyteoepiglottidaeum
1626 618 1739 693 multu

284 698 329 759 Μ·
344 698 437 771 1⁰⁰⁰·
462 712 535 783 lum
556 711 731 789 Santarino
756 712 915 808 placuit.
944 712 1196 809 Proindeltic
1222 711 1390 787 notabilia
1416 711 1588 788 fibrarum
1619 712 1741 792 solenu-

462 810 545 898 lus,
582 836 648 907 prae
677 806 867 908 posteriore
896 812 1244 913 atyn-tpiglottidaeo
1268 811 1384 909 major
1404 810 1486 902 est,
1521 812 1557 884 ἃ
1583 817 1627 887 ab
1651 812 1739 889 latere

461 908 679 1008 cartilaginis
712 911 995 1003 arytaenoitlaeae,
1042 936 1082 987 ac
1118 910 1340 1011 luptabastn
1366 909 1469 1003 ejua',
1508 912 1735 1006 pronascitut3

461 1007 609 1096 deinde,
635 1009 667 1079 ἃ
697 1008 878 1108 postquam
909 1009 1036 1085 bifidus
1061 1009 1132 1110 ipse
1160 1010 1316 1109 permisit
1341 1006 1447 1082 fibras
1468 1013 1600 1105 prioris
1616 1008 1734 1103 tltyrto

462 1106 697 1198 atyraenoidaei
725 1109 857 1205 partis,
885 1132 960 1183 tum
989 1112 1158 1211 integer,
1194 1109 1360 1209 longiore
1391 1108 1523 1198 flellu,
1557 1111 1653 1208 lupra
1677 1112 1736 1183 reli·

461 1228 566 1301 quam
601 1196 987 1300 thy‘reo-arytaenoidaei
1016 1210 1164 1283 musculi
1191 1233 1327 1307 partem
1364 1208 1512 1305 pergit,
1548 1209 1585 1277 δι
1615 1210 1735 1281 tendint

461 1304 547 1392 suo,
573 1304 702 1400 partim
732 1304 823 1380 infra
852 1310 1056 1409 glandulam
1076 1307 1393 1401 atytaenoidaeam,
1428 1309 1465 1377 δε
1496 1307 1533 1377 in
1559 1306 1632 1402 ejus
1656 1308 1738 1380 inno

462 1403 599 1484 lucrum
620 1456 634 1492 ,
670 1404 800 1501 partim
837 1408 874 1480 in
904 1407 996 1482 balio
1033 1406 1254 1507 epiglottidis
1287 1405 1362 1478 fere
1389 1405 1576 1493 mediam,
1605 1406 1737 1479 delinit·

462 1500 627 1573 Tandem
657 1502 790 1602 reliqna
815 1504 1197 1601 thymo-arytaenoidaei
1215 1503 1361 1578 multuli
1389 1528 1503 1602 pars,
1537 1503 1737 1577 sure-infitio-

464 1597 678 1673 nisdivetlae
705 1603 783 1700 jure
811 1604 855 1678 ab
882 1605 1049 1679 inferiori
1077 1608 1160 1695 illa,
1186 1628 1292 1703 quam
1312 1627 1394 1676 ante
1415 1604 1591 1692 diximus,
1613 1627 1737 1677 rantum

464 1694 712 1799 distinguitur.
740 1706 838 1776 Nam
863 1704 904 1777 ab
924 1708 1040 1779 media
1067 1704 1140 1777 fere
1166 1702 1367 1776 scutiformi
1394 1702 1467 1774 haee
1488 1724 1622 1801 quoque
1646 1700 1742 1775 nolti·

463 1816 556 1886 tur,
590 1800 901 1901 ventriculumque
930 1804 1108 1899 obducit,
1135 1828 1239 1903 quern
1260 1806 1318 1876 Cl.
1348 1806 1561 1896 Morgagnus
1583 1798 1647 1871 hot
1669 1800 1739 1870 loto

465 1890 666 1993 destripfit·²
693 1898 748 1972 sed
777 1902 827 1974 ita
855 1898 1025 1977 fibrarum
1056 1904 1195 2003 pariter·
1212 1903 1350 1975 suarum
1378 1902 1604 1973 carnolarum
1625 1898 1688 1970 latr
1705 1894 1740 1967 le·

467 1993 551 2082 rie,
584 1993 646 2067 suu
674 1992 841 2075 fasciculo
867 2002 1004 2076 laterali
1032 2000 1406 2098 arpo-epiglortidaeo,
1427 2020 1541 2094 atque
1568 2020 1646 2069 tum
1666 1995 1740 2069 otti·

465 2090 605 2187 quitaee
625 2098 800 2195 quadarn,
825 2098 971 2187 fetrum
998 2117 1036 2171 ut
1064 2100 1139 2196 ipsa
1164 2122 1235 2168 non
1264 2100 1352 2168 adeo
1377 2096 1656 2187 arytaenoidaeam
1678 2116 1741 2164 mo·

465 2212 551 2261 vere
573 2196 864 2295 ‚cartilaginem,
899 2199 957 2271 sed
984 2199 1021 2269 in
1051 2195 1416 2270 faucibus·extantem
1444 2194 1599 2265 limbum
1628 2189 1739 2263 vinculi

467 2289 703 2368 membtauost
730 2298 985 2388 atytaenoidoeae
1010 2294 1159 2393 capitoli
1192 2295 1232 2365 dt
1257 2290 1374 2364 baseos
1400 2289 1627 2387 epiglottidis
1654 2289 1740 2363 attiu-

465 2410 570 2485 gtte‚
596 2418 635 2467 at
661 2394 699 2469 in
726 2393 821 2465 vivis
847 2390 931 2466 strio
959 2418 1040 2477 ere3
1065 2392 1122 2466 sed
1142 2391 1193 2464 'de
1219 2391 1358 2487 telique
1384 2388 1421 2459 iu
1439 2388 1565 2460 eadem
1595 2388 1690 2476 basa,
1711 2386 1743 2497 pb

465 2484 599 2580 latere,
625 2492 821 2592 &quidem
848 2489 910 2565 sub
935 2418 1103 2567 ialeitulo
1128 2487 1452 2587 ary-epiglortidato
1478 2484 1691 2583 posteriore,
1713 2487 1741 2555 tl

465 2582 500 2658 la
528 2610 608 2685 pars
632 2592 841 2679 terminati3
868 2590 1020 2691 denique
1047 2589 1098 2663 ita
1116 2587 1314 2687 deprimere
1342 2584 1378 2659 in
1397 2582 1493 2659 vitis
1515 2582 1743 2681 epiglottiden

466 2683 562 2758 inter
579 2690 647 2765 alia
663 2692 845 2769 videatur.
874 2694 931 2763 De
957 2690 1025 2763 hot
1042 2680 1744 2785 tetoary-epiglottidaeoposteriote'tuu

465 2782 565 2859 stulu
583 2788 698 2865 nostra
715 2789 920 2867 observatio
945 2789 1076 2865 iterum
1105 2812 1186 2863 eum
1212 2787 1285 2858 illia
1308 2780 1501 2869 convenit,
1526 2802 1603 2877 quar
1618 2780 1742 2851 Samni

469 2910 532 2957 nus
551 2892 665 2985 obser.
681 2896 839 2965 Auaron.
859 2890 943 2965 Tei.
962 2892 1017 2961 ΠΙ
1039 2888 1114 2985 Fig.
1137 2914 1152 2958 r
1186 2884 1339 2960 videnda
1362 2882 1460 2955 dedit
1477 2904 1489 2965 3
1526 2876 1659 2951 etlamll
1676 2876 1740 2951 aliie

471 2989 640 3084 exemplis
659 2988 896 3061 detullantem
926 3011 1117 3083 utrumque
1142 2985 1376 3068 fasciculum,
1410 2975 1542 3073 partim
1580 2978 1616 3051 in
1642 2996 1738 3070 atym·

469 3084 612 3155 noidaeae
639 3082 833 3177 capitulum
860 3082 1034 3166 definere,
1062 3080 1192 3173 partim
1211 3079 1254 3149 ad
1271 3072 1555 3172 epiglottidem,
1589 3074 1642 3147 sed
1663 3098 1738 3145 nova

469 3174 639 3253 fibrarum
659 3174 880 3262 atctllione,
903 3198 980 3271 quae
1005 3174 1048 3246 ab
1072 3174 1212 3244 summo
1240 3172 1399 3272 capitulo
1425 3169 1737 3269 illius-cartilaginis

470 3275 723 3368 proveniebat,
750 3271 915 3357 audium,
942 3270 1111 3367 utrinque
1137 3294 1312 3369 pergere,
1338 3269 1455 3341 visum
1482 3268 1625 3344 subinde
1648 3270 1734 3340 ellet.

469 3380 591 3469 Atque
617 3370 854 3443 decussantem
871 3367 978 3443 illum
1004 3366 1208 3443 faltitulum
1228 3395 1246 3459 ‚¹
1274 3367 1372 3442 satuti
1402 3367 1499 3441 redit
1524 3372 1583 3443 Cl.
1600 3368 1734 3441 winsten

462 3470 513 3543 'ab
539 3466 725 3543 tricoidaea
749 3465 961 3565 cartilagine
973 3466 1143 3554 deduxit3
1165 3470 1221 3541 ita
1240 3469 1277 3539 in
1304 3465 1375 3539 istit
1403 3460 1734 3566 extmpliocteletti

470 3569 544 3643 mis,
563 3564 917 3661 crieoarytaenoidaei
945 3565 1094 3639 musculi
1125 3566 1317 3664 superioria
1342 3584 1475 3640 nomen
1512 3567 1624 3640 nihilo
1639 3562 1732 3637 uiuus

469 3690 530 3743 aut
558 3669 676 3741 lotum
695 3690 768 3744 non
786 3662 950 3754 habebit,
977 3688 1038 3738 aut
1059 3665 1174 3739 minus
1191 3668 1410 3765 adaquatum
1431 3666 1522 3740 erit:
1551 3665 1606 3739 led
1627 3665 1665 3737 alt
1683 3659 1731 3731 de·

469 3762 683 3841 cullan‘tibus
709 3765 779 3839 illis
797 3764 935 3863 semper
959 3760 1068 3839 libras
1083 3765 1250 3839 motrieea
1267 3765 1310 3838 ad
1327 3762 1576 3863 epiglottidem
1593 3768 1731 3862 pergeres

456 3870 542 3937 'non
571 3886 643 3938 tam
662 3864 920 3953 allevet-amus,
946 3887 1053 3962 quam
1074 3864 1212 3939 merito
1237 3863 1474 3962 suspicemur.
1498 3856 1729 3960 nottingum

469 3966 579 4041 loliro
605 3960 748 4061 longius
780 3962 981 4061 occipitalis
1009 3963 1183 4039 musculus
1207 3961 1442 4057 ite-eremplo
1468 3952 1729 4062 repraesentante

469 4086 551 4135 tum
568 4060 718 4159 ,pollicis
744 4061 906 4138 distantia
934 4064 978 4140 ab
1003 4064 1120 4135 media
1137 4060 1303 4157 occipitio
1328 4062 1420 4134 linea
1438 4062 1469 4133 is
1495 4063 1682 4157 inciperet,
1702 4048 1729 4118 lt

469 4162 506 4235 in
533 4178 871 4237 autemfexaetoam
899 4162 951 4233 ita
974 4162 1116 4259 quidem
1143 4160 1343 4250 tlesmeret,
1370 4182 1410 4231 ut
1436 4160 1646 4258 produolie,
1672 4168 1734 4249 qt*

459 4258 539 4351 ,huc
559 4258 802 4353 deferebatur,
830 4259 979 4335 musculi
1002 4260 1120 4346 vites,
1144 4282 1267 4330 autem
1286 4278 1372 4331 tum
1399 4262 1527 4359 exigua
1552 4251 1730 4331 declivitate

469 4356 705 4449 retrahentis,
733 4357 927 4459 prostitill'e
956 4356 1157 4430 videretur.
1183 4362 1305 4451 Supra·
1321 4382 1402 4429 eunt
1428 4361 1577 4432 teretiot
1601 4354 1730 4429 alienet

469 4461 540 4535 olle
566 4456 707 4531 l'torstm
738 4455 990 4553 proveniebat,
1013 4456 1078 4552 qui
1099 4455 1196 4529 rebla
1212 4457 1274 4529 tit
1296 4458 1340 4530 ud
1358 4458 1516 4531 vicinum
1534 4460 1571 4529 in
1596 4472 1667 4528 tut!
1686 4444 1727 4512 ll*

470 4580 554 4629 tum
580 4548 915 4666 progrediebatur:
936 4556 997 4623 De
1024 4553 1128 4626 faciei
1155 4555 1319 4629 musculis
1345 4556 1454 4629 modo
1477 4559 1641 4630 ditamus.
1664 4544 1730 4617 Ml·

468 4650 525 4748 jor
552 4672 797 4767 zygomqttcas
826 4650 1021 4745 mulculut,
1047 4676 1159 4746 aute,
1184 4678 1291 4753 quam
1318 4656 1362 4729 ad
1385 4655 1460 4726 otis
1485 4654 1729 4761 angulamupet·

1585 4767 1692 4827 vemt,
