3650 5459
786 282 1081 389 Noun
1159 266 1433 386 Aetli

219 560 223 569 -
261 528 491 600 mmmmm
515 468 671 592 inertie,
697 520 773 575 tem
801 496 890 571 mihi
915 494 1072 571 futuram
1092 492 1223 593 ,qun
1240 486 1302 563 etli
1326 486 1481 563 diuerstt
1510 486 1551 566 in
1577 488 1675 565 locis
1699 496 1755 569 eo'l

262 612 419 699 Audttll
440 612 520 687 dem
548 604 586 679 in
613 602 796 697 systemate
824 624 896 673 non
923 598 1116 684 locentur,
1140 588 1248 663 trufis
1274 612 1395 661 tamen
1427 588 1521 661 inter
1550 588 1615 679 le,
1646 600 1768 766 atate·

259 690 392 783 ΜΝ·
439 702 702 794 fundamentis,
730 699 881 773 multum
907 694 1097 771 differunt.
1125 692 1285 763 Haberet
1312 690 1408 761 enim
1428 714 1624 787 corporum
1644 690 1687 785 sy
1717 719 1749 767 c·

438 824 669 887 materteram
697 800 822 875 inerriae
849 820 988 873 remota
1015 789 1215 893 gravitate,
1241 788 1276 859 δι
1306 786 1446 862 adforet
1474 814 1603 863 centro
1632 792 1749 891 gravi·

438 906 543 997 tatis,
568 900 706 977 etiamst
732 924 883 998 corpora
908 894 1040 970 inertia
1064 916 1139 966 non
1165 888 1317 975 forent,
1344 887 1366 961 st
1387 890 1496 961 modo
1521 890 1743 987 gravitatem

435 1026 608 1106 tanquam
635 1002 711 1077 vim
737 1024 889 1097 corpora
916 992 1036 1071 versut
1063 1013 1225 1065 centrum
1254 986 1390 1060 telluris
1419 1012 1645 1087 prementem
1664 1017 1741 1065 ton·

434 1106 642 1181 fideremus.
671 1098 954 1175 confunduntur
980 1094 1187 1193 plerumque
1215 1087 1286 1162 ltaec
1313 1087 1384 1161 dno
1412 1112 1555 1181 centra,
1583 1090 1669 1193 quia
1687 1116 1740 1166 co·
1781 1135 1785 1145 ι

435 1202 601 1279 incidunt
621 1240 636 1273 .·
656 1198 839 1274 Postulant
866 1192 952 1294 sape
978 1188 1234 1267 Mathematici
1262 1210 1425 1261 centrum
1454 1189 1652 1287 gravitatis
1666 1214 1738 1265 cota

461 1327 565 1377 orum
594 1302 631 1373 in
659 1300 766 1399 plano
795 1292 1015 1370 horizontali
1041 1290 1325 1377 collocatorum,
1349 1312 1408 1361 aut
1431 1288 1578 1379 talium,
1607 1287 1644 1363 in
1663 1288 1735 1405 qui·

391 1422 394 1429 '
435 1328 499 1477 bus
518 1424 661 1474 omnem
682 1396 899 1498 gravitatem
917 1392 1029 1469 abesse
1046 1384 1410 1487 animolibifingunt.
1440 1386 1654 1463 Defiderant
1672 1414 1730 1463 ttt·

434 1526 504 1601 que
528 1518 677 1573 centrum
703 1498 849 1587 inertie,
873 1518 955 1569 cum
983 1514 1145 1567 centrum
1173 1485 1361 1587 gravitatis
1388 1486 1421 1559 lc
1449 1512 1605 1587 quarere
1628 1488 1728 1588 proli·

347 1611 353 1623 '
434 1596 575 1693 rentur,
604 1600 700 1673 Cum
721 1620 840 1672 autem
868 1593 911 1669 ad
942 1590 1011 1665 hoc
1039 1589 1259 1689 propositum
1287 1584 1443 1660 nollrum
1471 1582 1554 1663 c'utn
1582 1588 1725 1662 maxime

433 1696 562 1787 faciat,
589 1697 746 1773 dicemus
761 1696 803 1771 dt
821 1693 875 1767 his
894 1692 999 1791 paulo
1017 1689 1191 1789 apertius.
1357 1770 1361 1777 ¹
1790 1781 1791 1784 Ἴ

483 1796 634 1873 Constat
662 1796 756 1871 inter
773 1804 907 1869 'omnes
932 1788 1234 1878 Mathematicus,
1259 1787 1295 1861 dt
1322 1786 1531 1886 quotidiana
1558 1788 1721 1889 experien-

433 1895 485 1971 tia
512 1894 726 1971 confirmata
751 1920 806 1969 res
832 1890 900 1983 est,
925 1889 1032 1966 inelle
1059 1885 1223 1964 omnibus
1250 1887 1288 1962 in
1307 1888 1511 1963 uniuersum
1528 1889 1737 1989 corporibus,

431 1994 751 2097 uiquutndam,
789 2019 864 2095 quae
892 1990 954 2064 illa
992 1989 1092 2063 tarda
1121 1988 1391 2062 &admotum
1427 1986 1546 2087 segnia
1583 1988 1716 2074 reddit,

432 2112 540 2195 quant
573 2098 700 2171 inertie
731 2096 805 2165 vim
841 2083 1161 2190 fignificantiffimo
1195 2086 1370 2161 uocabulo
1404 2086 1496 2165 dixit
1531 2088 1714 2187 Keplerts3

430 2218 507 2291 quae
534 2193 714 2283 adilonis,
741 2196 776 2264 dt
804 2191 866 2287 ipli
895 2188 1036 2289 aqualis
1063 2187 1274 2277 trallionim
1301 2190 1336 2258 ἃ
1365 2185 1410 2260 stc
1436 2188 1555 2289 legum
1581 2212 1717 2277 naturas

429 2291 616 2392 omnisque
645 2294 683 2369 in'
713 2286 879 2367 uniuerso
907 2287 1067 2379 ordinit',
1093 2288 1177 2362 bafis
1204 2284 1251 2359 est
1275 2313 1318 2381 ¹ac
1344 2286 1629 2364 fundamentum.
1653 2292 1712 2361 Ex·

268 2380 339 2460 ¹²²3·
360 2395 408 2461 35·
430 2384 589 2489 petimur
614 2390 717 2488 hujus
742 2387 938 2463 virinertt‘ae
959 2386 1179 2487 ptaelcntiam
1202 2386 1447 2486 experientia,
1474 2383 1530 2462 sed
1548 2386 1647 2487 magis
1662 2386 1711 2460 ad·

427 2492 497 2564 huc
524 2490 664 2564 ratione
700 2487 907 2565 evincitur.
943 2487 1077 2564 Ablata
1111 2488 1208 2561 enim
1236 2488 1304 2579 ui,
1338 2486 1487 2588 segnitie
1514 2488 1649 2587 quadam
1672 2509 1708 2559 nc

428 2588 598 2664 tarditate
625 2613 776 2687 corpora
813 2582 1098 2687 impregnante',
1134 2586 1224 2661 nihil
1260 2586 1493 2661 determinati
1518 2584 1650 2687 amplius
1671 2583 1706 2658 in

425 2712 546 2763 rernm
575 2710 774 2761 remaneret
800 2708 950 2772 natura3
978 2687 1117 2761 abirent
1143 2688 1238 2787 leget
1253 2712 1409 2779 natura,
1434 2686 1472 2762 dt
1491 2714 1555 2769 una
1574 2710 1643 2761 tunt
1657 2683 1706 2783 ips

426 2787 467 2861 sts
494 2784 646 2862 univetli
674 2788 784 2877 ordo,
811 2810 851 2859 ac
880 2785 1086 2862 admiranda
1115 2785 1322 2863 harmonia.
1349 2794 1537 2888 Corpora,
1584 2810 1708 2859 uacet·

424 2886 562 2978 nimus,
591 2884 713 2961 inanes
729 2886 849 2963 forent
868 2883 989 2985 figura
1008 2884 1287 2980 mathematicae,
1314 2888 1356 2965 ad
1383 2888 1541 2989 quemvis
1561 2814 1628 2959 live
1643 2910 1707 2958 mo·

425 3011 502 3075 tus,
529 2986 773 3085 stchuietis,
799 2984 926 3059 statum
953 2985 1225 3079 indifferentes,
1252 2988 1342 3062 nulli
1371 2989 1481 3063 motui
1503 2984 1708 3075 telilicntes,

424 3086 555 3158 nullius
583 3101 703 3163 tamen
731 3106 890 3175 tenaces.
918 3086 968 3157 Vi
996 3086 1233 3190 qualicunque
1252 3090 1391 3165 moveri
1407 3086 1512 3187 pollet
1528 3082 1704 3184 qualecun-

421 3209 490 3283 que
517 3210 666 3283 corpus,
692 3179 1169 3285 &quantumvit'mag'num‘
1198 3188 1275 3287 pari
1302 3186 1466 3264 facilitate
1494 3206 1706 3283 promouere·

422 3303 499 3352 tur.
528 3286 616 3373 Quo
635 3282 759 3372 fieret,
787 3306 832 3384 ut,
843 3284 1083 3359 determinata
1109 3285 1165 3359 vis
1190 3288 1445 3363 determinatos
1470 3282 1611 3360 effeblus
1635 3280 1706 3357 ede·

421 3402 460 3449 re
488 3378 673 3475 nequiret,
701 3394 741 3454 ac
769 3378 812 3456 fic
841 3382 936 3457 idem
963 3380 1037 3457 fere
1066 3394 1224 3462 maneret
1251 3412 1382 3464 natura
1408 3386 1528 3460 uultus
1554 3384 1596 3458 in*
1607 3382 1705 3475 orbe,

416 3475 505 3590 qui,
529 3476 739 3559 cellantibus
767 3507 899 3581 naturae
927 3484 1083 3585 legibus,
1111 3510 1248 3560 coecum
1275 3488 1370 3565 foret
1397 3484 1524 3577 cbaos,

910 3586 1008 3655 rudis
1032 3584 1261 3685 indigestaque
1287 3590 1398 3663 molet.
1746 3659 1752 3670 ,

415 3676 622 3754 Accedente
651 3696 768 3759 autem
798 3684 866 3755 hoc
889 3686 1036 3777 pondere
1061 3685 1186 3778 inerte,
1213 3687 1390 3763 continuo
1416 3687 1576 3763 nascetur
1597 3678 1701 3767 otdo;

413 3774 528 3850 aderit
556 3779 672 3872 allio,
702 3780 857 3871 readiio,
883 3780 1002 3881 legum
1019 3805 1152 3859 natura
1169 3787 1273 3877 halis,
1299 3810 1407 3887 atque
1429 3786 1475 3861 fic
1494 3786 1607 3862 omnia
1623 3779 1705 3855 fient

407 3890 470 3969 per
496 3880 576 3949 bene
597 3877 789 3969 junllarum
816 3884 991 3954 concordia
1012 3886 1141 3979 semina
1167 3912 1293 3977 terrem,
1319 3910 1359 3960 ut
1386 3884 1487 3963 hunc
1503 3885 1615 3960 Ouidii
1631 3904 1709 3971 teng

409 3968 484 4045 sum
503 3977 546 4050 ad
566 3976 700 4051 sensum
719 3980 954 4079 Philosophia
973 3984 1234 4084 aliquantulum
1254 3987 1510 4065 immutemus.

422 4170 430 4189 ·
459 4074 579 4147 Posito
599 4074 716 4169 enim,
745 4078 894 4178 singulas
911 4084 1059 4183 aequales
1076 4086 1237 4185 corporis
1256 4087 1449 4163 moleculac
1469 4084 1591 4165 motui
1613 4107 1710 4185 aqut·

404 4166 497 4285 litet·
508 4172 658 4286 restitere
668 4232 680 4270 ‚
705 4202 862 4278 corpus,
887 4181 960 4255 alio
985 4182 1093 4280 duplo
1121 4186 1254 4281 majus,
1280 4188 1391 4287 duplo
1417 4212 1568 4292 quoque
1594 4182 1712 4260 reltllet

405 4294 642 4386 pertinacium,
672 4304 734 4353 nec
756 4278 903 4353 eandem
923 4272 1102 4362 obtinebit
1125 4284 1387 4378 velocitatem,
1413 4288 1638 4387 quinetiam
1664 4281 1713 4356 tit

403 4368 511 4468 duplo
529 4398 644 4490 ¹¹¹³l9‘
661 4378 897 4473 adhibeatur.
926 4382 1012 4475 Quo
1038 4380 1123 4477 fier,
1152 4408 1191 4459 ut
1209 4387 1327 4461 nullus
1353 4388 1511 4482 amplius
1538 4389 1579 4463 in
1608 4401 1715 4479 terum

400 4490 528 4580 natura
555 4476 644 4547 ortri
663 4478 765 4573 poffit
793 4498 933 4569 motus,
959 4482 1046 4581 quin
1072 4483 1146 4582 ejus
1172 4484 1269 4558 ratio
1289 4490 1323 4560 ἃ
1342 4484 1527 4563 sufficiens
1555 4490 1593 4561 dt
1611 4485 1716 4560 detet-

400 4586 535 4643 mtnata
549 4572 625 4645 daci
643 4600 769 4673 queat.

448 4668 516 4781 Sed
535 4671 576 4745 de
595 4671 648 4771 hia
665 4698 740 4773 non
761 4674 890 4779 plura.
918 4678 977 4760 Ita
1002 4680 1098 4786 cuim
1123 4706 1289 4763 accurate
1309 4685 1379 4759 Vir
1397 4684 1577 4765 omnium
1607 4682 1719 4774 laudet

1580 4787 1682 4899 [⁰222
