3650 5459
541 246 628 352 314
785 178 1075 305 Nova
1159 202 1429 301 Aera

273 444 435 512 Allssrud.
454 423 515 499 sub
541 417 824 514 synchondrost,
851 442 930 490 cum
959 414 1152 487 reclinatur
1180 412 1322 502 vesca,
1357 412 1392 483 &
1428 412 1627 487 denudatur
1655 414 1744 512 prio·

272 534 429 617 A⁰·¹73.³.·
451 525 482 597 ri
510 526 591 593 loco
620 542 766 617 magnus
789 518 931 587 levatur
957 512 1149 586 musculus.
1176 516 1366 604 Quantum
1393 512 1535 585 veroin
1556 512 1651 585 vivis
1675 512 1743 590 hec

273 606 318 669 Μ·
337 606 430 691 ῘΜΨ·
452 646 531 721 pars
560 617 660 717 prior
689 614 876 689 transversi
904 612 1271 686 dilatandae-urerent
1297 611 1490 698 inserviat,
1515 611 1606 699 sed,
1641 610 1746 710 pollc-

369 730 372 737 ’
453 720 529 795 rior
546 720 712 813 intenta,
741 714 884 785 bulbum
913 711 1094 791 otrestone
1121 713 1205 786 data
1230 710 1438 799 convellat,
1464 710 1500 782 id
1526 708 1630 785 facile
1658 710 1742 809 diju-

453 817 565 893 dicati
593 811 722 915 potest.
747 815 861 910 Supra
886 810 980 885 hanc
1008 834 1144 907 partem
1174 807 1402 908 posteriorem
1431 810 1622 898 internus,
1650 809 1685 883 δι
1709 811 1743 883 in

453 914 616 1014 exemplo
645 914 762 984 minor
789 910 904 999 visus,
933 909 992 982 ani
1019 907 1199 1007 sphiosler
1224 906 1359 996 sertur3
1387 908 1471 1006 qui,
1498 909 1534 983 ἃ
1556 908 1686 1003 bulbo,
1712 912 1742 981 ἃ

274 1038 344 1121 pag,
366 1039 434 1120 ²⁶7·
455 1010 698 1095 acceleraretis
727 1008 903 1107 postremo
931 1007 1071 1079 rendini
1090 1059 1116 1097 ,‹
1136 1007 1330 1107 jungitur,
1362 1034 1405 1083 aa:
1432 1008 1553 1105 magni
1580 1008 1745 1089 levatoris

452 1110 578 1201 fibras,
604 1111 703 1207 plus,
730 1108 890 1180 minusve
919 1106 1099 1203 obliquas,
1130 1111 1188 1181 sed
1215 1107 1394 1205 capientes
1421 1104 1663 1196 intestinum,
1694 1134 1742 1179 ac·

452 1212 563 1311 cipit,
586 1208 622 1281 dt
646 1232 730 1281 cum
758 1207 884 1281 iisdem
912 1203 1161 1279 confunditur.
1189 1204 1503 1298 Quemadmodum
1532 1232 1622 1282 vero
1651 1206 1741 1304 prior

452 1304 1673 1505 llllffillll‘llsslllllll,l'llllllllllllffia
1694 1306 1743 1476 l:

453 1507 666 1606 promittere
693 1502 875 1577 fasciculos
902 1502 1073 1577 fibrarum
1089 1528 1295 1579 corneorum
1311 1500 1404 1577 haud
1417 1500 1508 1575 solet
1526 1552 1537 1591 ,
1564 1502 1652 1577 srcut
1666 1507 1743 1575 sarr·

453 1610 579 1677 toruior
606 1604 749 1686 docuit3
779 1628 881 1693 nam,
908 1606 941 1672 bt
968 1600 1153 1674 humiliori
1180 1604 1284 1691 loeo,
1308 1628 1416 1698 qoam
1439 1600 1585 1697 quidem
1604 1601 1662 1675 ubi
1689 1626 1743 1673 ve·

455 1706 557 1777 sicula
585 1702 760 1774 seminalis
778 1700 846 1790 esl,
873 1702 943 1775 haee
971 1701 1178 1779 descendere
1206 1727 1284 1800 pars
1308 1701 1481 1775 levatoria
1514 1698 1745 1797 observatur,

454 1806 641 1901 &prater
667 1828 708 1873 cu
736 1802 842 1872 crassa
870 1800 964 1872 inter
991 1823 1140 1897 utraque
1170 1803 1274 1890 loca,
1301 1800 1486 1898 mediaque
1521 1797 1639 1874 tunica
1666 1796 1743 1883 est,

453 1926 529 2003 qua
558 1899 699 2003 quidem
738 1898 868 1997 pelvim
906 1898 1149 1985 investir,.&
1178 1900 1215 1971 in
1244 1897 1310 1972 stru
1338 1900 1455 1975 vescae
1485 1898 1640 1973 naturali
1665 1898 1743 1971 alte·

453 2024 533 2074 rum
560 1998 603 2069 ab
632 2002 746 2071 altero
772 1997 956 2095 sejungit,
983 1995 1121 2069 etiamst
1147 1999 1184 2069 in
1212 1998 1330 2086 vivit,
1356 1996 1444 2073 ficut
1471 1996 1535 2071 illa
1562 1990 1745 2071 transversi

454 2094 601 2169 acccffi'o
629 2098 795 2193 utrinque
813 2096 1002 2169 dilatandis
1029 2096 1091 2168 suo
1117 2120 1276 2193 tempore
1301 2094 1487 2170 emissariis
1514 2094 1743 2168 vcficularum

453 2184 696 2283 seminalium,
720 2196 772 2267 ita
801 2220 878 2291 pars
905 2195 1026 2293 magni
1053 2195 1223 2267 levareris
1245 2194 1506 2281 succutieodis,
1533 2190 1745 2291 premendis·

453 2290 829 2464 arlallvv
843 2292 1030 2487 lla?
1044 2294 1241 2482 :stul
1255 2295 1456 2467 llll·
1473 2297 1645 2483 slllln’
1670 2314 1745 2461 ‘ll

453 2490 575 2588 ryngis
602 2491 783 2565 lateralem
805 2492 972 2591 angulum
991 2420 1210 2581 annotaretJ,
1245 2494 1281 2565 u
1308 2418 1485 2565 alioqloeo
1513 2418 1748 2561 musculipca·

453 2590 538 2687 pitis
564 2590 676 2664 antici
710 2591 902 2665 terminum
933 2591 997 2664 bac
1021 2591 1166 2691 regione
1193 2591 1282 2665 satu·
1300 2590 1492 2663 luculenter
1510 2584 1748 2673 describeret,

455 2698 544 2760 rum'
568 2712 657 2758 num.
677 2714 745 2781 475
776 2691 811 2759 δε
829 2697 902 2779 476
930 2690 974 2763 ab
1001 2715 1069 2763 una
1095 2690 1227 2789 anguli
1255 2712 1350 2788 parte
1376 2685 1584 2782 ampliorem
1626 2682 1747 2781 cepha·

452 2786 783 2887 lophatyngaeum,
820 2790 855 2861 ὅ(
884 2789 989 2883 petalo
1024 2782 1746 2887 angustiorem.petro-salpingopharyn·

452 2912 587 2985 geum,
614 2888 779 2987 analecta
793 2889 911 2986 anguli
930 2890 1337 2985 parteaceommodare,
1363 2888 1398 2959 ἃ
1418 2873 1597 2977 originem
1626 2882 1744 2988 utrius·

451 3010 519 3078 que
547 2987 597 3055 ita
625 2986 751 3055 clarius
780 2986 974 3057 describere
1002 2987 1195 3080 potuissetr
1214 2988 1315 3057 Nam
1343 2986 1446 3065 inde,
1470 2979 1509 3049 in
1537 2978 1742 3057 luculenrro·

451 3102 489 3149 re
510 3078 777 3174 experimento,
805 3077 966 3173 adjacens
993 3080 1078 3149 tuba
1106 3076 1355 3173 cartilaginosa
1382 3074 1636 3169 discernitur,
1664 3102 1740 3173 qua·

449 3174 493 3251 lis
518 3170 676 3249 maxime
699 3170 846 3243 slruitur
876 3173 922 3245 ab
948 3170 1074 3245 fibrosa
1100 3170 1341 3268 cartilagine,
1375 3198 1450 3271 que
1487 3176 1532 3248 ab
1569 3172 1740 3271 principio

447 3274 593 3345 interno
620 3268 792 3341 corniculi
820 3270 882 3343 ala
908 3270 1094 3362 internae,
1122 3270 1158 3342 ἃ
1184 3294 1294 3367 porro
1321 3272 1364 3345 ab
1388 3272 1510 3345 eadem
1540 3275 1595 3347 ala
1628 3298 1740 3373 prove·

446 3370 521 3441 nit.
549 3366 651 3443 Talia
676 3366 771 3437 enim
801 3390 913 3456 vero,
940 3366 1019 3466 post
1043 3368 1322 3457 membranulam
1352 3374 1443 3447 tubae
1473 3376 1630 3467 patentis
1649 3396 1738 3445 oram

447 3468 650 3567 reliquam,
678 3467 713 3538 &
741 3467 783 3538 ab
810 3465 970 3565 opposita
1008 3494 1106 3566 parre
1134 3468 1311 3545 tumidam
1336 3470 1432 3548 intra
1460 3470 1577 3551 fauces
1610 3472 1735 3559 visam,

447 3592 530 3640 vere
555 3564 666 3639 efficit
692 3565 865 3639 ambitum
886 3567 972 3657 viar,
998 3569 1115 3670 quoad
1141 3568 1215 3643 haec
1242 3570 1490 3669 cartilaginosa
1517 3570 1604 3643 tuba
1619 3570 1735 3651 audit.

443 3667 512 3741 Sed
539 3665 718 3756 harvia,
752 3663 900 3737 ferendo
935 3663 1009 3739 aeri
1041 3666 1244 3743 esaucibua
1269 3672 1314 3745 ad
1342 3696 1553 3768 tympanum
1593 3694 1736 3767 parens,

445 3762 547 3861 jam,
576 3764 633 3838 ubi
662 3764 697 3837 in
726 3762 855 3845 osseam
891 3766 1018 3839 desinit
1046 3792 1213 3865 partem,
1249 3792 1325 3843 tum
1348 3773 1394 3842 ab
1424 3795 1488 3843 ota
1515 3768 1659 3843 carotici
1682 3792 1738 3837 ra-

446 3863 535 3937 nalis
563 3862 780 3961 medullio,
808 3862 874 3937 sed·
892 3864 1006 3963 priori
1033 3866 1144 3958 loco,
1178 3869 1213 3939 δε
1238 3868 1339 3956 juxta
1363 3868 1456 3941 huuc
1484 3870 1641 3945 caoalcm
1661 3918 1674 3957 ,
1698 3864 1735 3939 ab

445 3963 633 4057 accedente
660 3961 889 4059 spbaenoidaeo
907 3966 1135 4054 olse,„ootus
1159 3964 1263 4059 bujor
1288 3964 1369 4039 offis
1388 4018 1402 4055 ,
1423 3964 1490 4039 sub
1517 3969 1636 4065 eapite
1663 3988 1736 4065 pro·

447 4062 556 4135 celsus
582 4060 746 4154 styloider
773 4062 938 4152 eminet,
974 4086 1082 4163 aeque
1108 4062 1308 4161 dependet.
1344 4066 1446 4137 Inter
1482 4092 1673 4164 utrumque
1697 4062 1734 4134 il·

444 4163 518 4235 lum
546 4160 685 4253 locum,
710 4161 767 4237 sed
794 4162 840 4263 ab
856 4162 1029 4257 carotidic
1046 4160 1127 4247 via,
1154 4158 1329 4250 nascitur,
1353 4162 1480 4239 deinde
1498 4170 1540 4239 ad
1561 4164 1734 4238 tubaeson-

445 4260 528 4333 dum
558 4262 743 4353 adheret,
777 4284 886 4361 arque
913 4285 1022 4358 porro
1057 4284 1137 4333 cum
1165 4258 1230 4332 hae
1256 4258 1328 4351 ita·
1345 4261 1521 4337 descendit
1560 4259 1733 4357 petro-sal·

446 4360 504 4457 pin
530 4356 809 4458 oslaphylinur,
838 4359 905 4431 five
931 4356 1326 4471 salpingo·stapbylinur
1355 4360 1527 4437 musculus
1546 4366 1732 4453 Vallum

264 4496 332 4579 Pag.
357 4502 423 4564 ἃ.
443 4460 480 4529 or
503 4385 588 4551 viic,
616 4482 691 4531 tum
721 4460 762 4529 ad
792 4459 935 4529 uvulam
961 4455 1140 4547 divertit,
1173 4481 1249 4532 tum
1278 4462 1344 4536 viar
1368 4461 1500 4535 socium
1527 4460 1727 4535 fasciculum

428 4552 872 4667 xlibrarumearnosarum
909 4552 1266 4657 petro-staphyliouot
1297 4562 1461 4661 accipit,
1497 4562 1646 4733 qualemb
1667 4554 1729 4631 sub

1507 4720 1512 4727 .
1585 4686 1622 4735 tu
1649 4684 1686 4750 a,
