3650 5459
538 274 1462 455 attrectassent

469 510 483 541 f

277 542 440 611 nummu.
481 553 565 607 uam
599 521 790 603 autemid
825 524 934 625 ipsam
968 522 1137 599 thematis
1169 518 1302 620 hujus,
1337 546 1358 599 t
1386 520 1529 599 nemine
1553 523 1786 629 ,ptiattuh‘

278 628 433 703 Andus-
454 554 550 719 icio,
576 652 660 703 ante
687 650 744 702 me
772 624 1004 726 pertrastati,
1031 623 1286 723 expositionem
1317 648 1372 696 nte
1402 624 1618 725 accingam,
1646 630 1784 727 paucis·

350 704 435 771 ’ΝΜ
453 728 549 807 simis
576 742 734 825 moneo,
761 728 849 801 olim
876 726 914 807 in
943 725 1170 814 Germania,
1195 722 1348 799 florente
1374 722 1539 822 inprimis
1566 725 1673 827 stirpe
1699 734 1772 809 Ca.

437 827 653 928 'rolingica,
677 819 911 915 (testantibus
939 821 975 903 id
1000 818 1255 922 capitularibus
1271 829 1395 922 Regum
1417 828 1643 917 frotarium,
1666 858 1683 901 a
1703 830 1775 905 Vi·

454 932 504 1007 ris
521 928 745 1019 dosiiffim-is,
773 928 941 1032 Baluzio,
966 924 1162 1015 sirmondo,
1188 952 1226 998 ac
1244 928 1421 1016 Goldallt,
1448 926 1576 1021 editis,
1603 938 1773 1017 >mone-

450 1050 528 1111 mm
557 1020 631 1103 oon
656 1027 718 1101 nist
746 1027 782 1099 in
809 1024 954 1103 Palatiis
972 1022 1095 1125 Regiis
1121 1024 1280 1097 excusam
1309 1024 1428 1098 fuisse.
1457 1030 1552 1099 Cum
1573 1029 1766 1101 antemio·

452 1152 508 1205 ter
534 1129 604 1203 hac
630 1126 707 1217 (id
735 1130 829 1225 quod
857 1137 938 1200 cum
967 1125 1014 1196 in·
1031 1132 1123 1221 Sper.
1142 1126 1225 1209 Htli.
1249 1146 1337 1223 patr.
1363 1126 1403 1197 de
1420 1129 1516 1197 Ultra
1543 1128 1712 1213 delirasse
1725 1153 1766 1203 re

451 1228 663 1316 restaurata,
697 1250 773 1297 turn
805 1247 918 1323 nuper
945 1226 1087 1299 demum
1115 1228 1148 1297 itt
1172 1226 1232 1297 der
1253 1226 1476 1321 grundlttben
1501 1228 1761 1325 Ausfttbrtotg,

450 1330 530 1425 dass
553 1330 608 1415 die
626 1327 819 1397 SradtUlm
846 1327 937 1396 sttcbt
966 1326 1029 1413 erfl
1049 1332 1115 1398 Art.
1138 1334 1230 1423 ¹33⁶
1249 1352 1313 1423 zur
1331 1327 1683 1403 Retehs-rmmdtetaet
1704 1354 1762 1423 ge·

450 1428 565 1543 longer
592 1427 658 1501 &o
687 1418 965 1499 demonstratum
1002 1426 1111 1516 dedi,
1137 1435 1152 1515 )
1177 1425 1344 1498 Ulmense
1381 1451 1521 1527 quoque
1549 1428 1759 1517 Palatium,

275 1526 345 1610 l’tg·
368 1527 516 1627 5170ipl1
542 1524 705 1629 quamvis
732 1526 950 1625 sagacilstmo
975 1526 1171 1597 Mobilltnio
1198 1526 1394 1627 ignotum,
1421 1525 1509 1598 haud
1537 1525 1759 1619 postremum

449 1628 587 1716 fuerit,
615 1627 730 1697 nullus
759 1626 915 1718 dubito,
947 1626 1034 1725 quin
1062 1626 1096 1697 br
1125 1625 1203 1713 ibi,
1231 1626 1265 1697 δι
1294 1650 1376 1699 ante
1404 1627 1438 1696 δι
1463 1622 1534 1723 poll
1560 1624 1666 1699 dieta
1694 1627 1763 1699 Ci-

449 1726 574 1802 vitatis
603 1718 864 1815 donationem,
889 1750 908 1797 a
936 1726 1056 1796 carole
1083 1729 1135 1796 M.
1167 1732 1261 1803 Ann.
1289 1735 1370 1817 813.
1398 1723 1670 1823 opulentissimo
1690 1724 1762 1799 Di·

448 1824 661 1923 vitaugienst
690 1822 915 1899 Monallerio
949 1823 1110 1914 fassam,
1147 1826 1227 1896 talis
1262 1825 1407 1897 officina
1434 1822 1633 1896 monetaria
1659 1825 1759 1925 regit

447 1924 632 2002 floruerit.
654 1924 731 1997 ‘Cui
750 1924 932 1998 sententiat
950 1950 1075 2024 praeter
1091 1923 1278 2026 antiquum
1307 1924 1394 1996 illud
1414 1919 1639 2013 AEdisicium,
1664 1926 1754 2022 quod

306 2031 309 2040 '
341 2039 349 2055 “
448 2024 512 2100 sub
538 2016 772 2099 Piscatoribus
802 2024 900 2095 strum
929 2022 1121 2095 hodienum
1143 2050 1275 2097 nomen
1292 2026 1353 2096 der
1369 2026 1459 2095 alten
1478 2024 1750 2119 Mfinrretinet,

447 2124 564 2210 Crufii
591 2122 761 2221 praecipue
788 2123 1271 2219 autoritas‘patrocinatur,
1308 2125 1438 2223 quippe
1466 2124 1528 2219 qui
1558 2123 1596 2196 in
1621 2120 1752 2193 Attali-

445 2226 507 2297 bus
532 2230 710 2293 Suevorum
736 2223 777 2297 ad
810 2228 906 2297 Anu.
940 2231 1043 2313 1087.
1071 2220 1199 2297 diserte
1225 2226 1327 2295 sitlos
1351 2220 1668 2306 Ulmenfisfmtnttae
1691 2234 1749 2295 tio·

444 2322 590 2412 minat,
618 2322 715 2417 cujus
743 2322 885 2423 quidem
913 2324 1026 2401 atratis
1053 2322 1195 2395 Numos
1222 2322 1379 2395 Ulmettli
1409 2315 1745 2421 Digmate'ittstgoi

445 2444 523 2513 ros,
550 2424 714 2523 quamvis
742 2448 855 2521 neque
879 2449 1019 2533 operae,
1047 2448 1158 2522 neque
1185 2422 1367 2520 impensis,
1396 2424 1639 2519 pepercerim,
1663 2444 1741 2493 noo·

376 2590 379 2597 .
443 2523 561 2617 dum,
590 2544 628 2595 ut
653 2522 916 2619 contemplarer
942 2550 982 2598 ac
1010 2522 1300 2610 contresiarem,
1337 2520 1426 2591 mihi
1456 2520 1560 2595 licuit
1587 2522 1652 2594 else
1676 2542 1739 2592 tam

441 2618 559 2695 felici.
588 2621 695 2695 Hisce
715 2650 800 2725 ergo
819 2621 1020 2721 supposttis,
1048 2624 1183 2693 nullum
1213 2618 1355 2719 prorsus
1371 2618 1420 2692 est
1443 2618 1611 2710 dubium,
1635 2622 1739 2715 Impe-

442 2746 600 2811 ratores,
627 2748 749 2821 prseter
770 2724 977 2801 Advocatos
997 2721 1054 2793 seu
1070 2722 1267 2811 Scultetos,
1298 2722 1413 2794 Ulmae
1430 2744 1574 2821 quoque
1591 2719 1660 2793 suos
1683 2716 1737 2791 ba·

442 2818 554 2894 buisse
574 2824 825 2916 Monetarios,
852 2824 913 2926 qui
932 2820 1083 2924 offitinae
1112 2821 1316 2894 monetariae
1345 2845 1466 2893 curam
1500 2816 1738 2922 gerebam&

441 2916 650 2997 immediate
679 2953 697 3000 a
727 2924 862 2999 Caesare
888 2916 1220 2998 constituebantur.
1256 2922 1435 3011 Quamvis
1461 2924 1557 2995 enim
1587 2922 1735 2991 Promitte

439 3018 481 3093 in
500 3024 566 3096 Tr.
583 3042 650 3089 van
668 3012 770 3089 denen
789 3018 1038 3111 Gesrblecbtertt
1061 3020 1095 3088 itt
1113 3020 1378 3093 Retcb-staedtett
1406 3022 1461 3115 jus
1488 3026 1643 3095 Monere
1670 3017 1738 3087 Ab·

439 3118 516 3197 bati
544 3116 839 3189 Reichenavienst
868 3119 1031 3207 tribuat,
1059 3114 1121 3191 isla
1147 3112 1267 3192 taimen
1294 3120 1469 3195 sententia
1494 3120 1592 3192 nullis
1617 3114 1734 3189 solidis

438 3213 681 3289 fundamentis
710 3214 861 3309 nititur,
889 3214 984 3289 &eo
1006 3217 1122 3288 minus
1148 3221 1323 3291 calculum
1353 3225 1527 3310 meretur,
1570 3221 1643 3289 'uod
1663 3237 1735 3287 non

437 3333 580 3381 tantum
610 3312 646 3380 in
675 3311 788 3383 literis
814 3314 1040 3387 Donationis
1076 3316 1213 3390 nullum
1247 3318 1346 3393 illius
1370 3320 1492 3397 exiliat
1519 3244 1699 3415 vibig'tum
1723 3306 1743 3401 ζ
1787 3407 1788 3410 ¹

433 3404 494 3481 sed
523 3408 581 3494 ἃ,
607 3406 748 3481 testibus
777 3412 934 3504 Olearia,
959 3415 1179 3515 Sperlingt'o,
1208 3444 1248 3493 ac
1274 3421 1489 3516 Eudeuttgto,
1514 3418 1582 3489 vix
1610 3421 1735 3492 Coeno·
1786 3443 1787 3452 ¹

433 3504 534 3581 bium
569 3507 606 3579 in
638 3512 835 3585 Germania
874 3514 1112 3613 reperiatur,
1142 3540 1225 3593 ante
1261 3524 1420 3592 Catulum
1445 3518 1634 3609 Crrfftm,
1665 3516 1735 3610 jure.
1783 3517 1786 3596 l

431 3604 545 3678 hocce
575 3610 788 3703 praeditum.
816 3612 925 3687 Stetit
953 3630 1039 3718 ergo
1065 3620 1209 3719 Regale⁸
1227 3618 1316 3694 istud
1346 3646 1449 3716 penes
1474 3620 1732 3721 Imperatores,
1782 3599 1784 3670 l

432 3730 542 3806 usque
569 3710 652 3781 dum
682 3712 726 3784 ab
753 3712 878 3787 iisdem
901 3714 1132 3811 peculiaribus
1151 3718 1349 3818 privilegiis
1367 3720 1525 3794 civitati
1542 3728 1557 3807 (
1573 3719 1648 3810 jure
1667 3710 1734 3813 prii

429 3830 493 3877 mo
520 3808 744 3901 revocabili,
783 3810 896 3907 postea
925 3838 1126 3912 perpetuo,
1152 3825 1167 3905 )
1194 3822 1391 3892 concessum
1419 3816 1516 3893 suit.
1551 3816 1738 3913 Postquam-

428 3927 520 3978 vero
551 3909 816 4008 insequentibus
852 3916 1071 4011 temporibus
1108 3916 1216 3989 boece
1250 3919 1366 4016 regale
1405 3916 1620 4018 pedetentim
1655 3936 1732 3987 eum
1771 3929 1776 3940 '

428 4005 587 4080 Siatibus
611 4008 761 4103 (primo
788 4010 931 4110 quidem
952 4012 1230 4107 Ecclesiastieis,
1251 4016 1372 4117 'postea
1400 4044 1544 4120 quoque
1568 4011 1732 4089 Seculatie

428 4102 519 4191 bus,
544 4116 558 4193 )
586 4110 846 4203 communicari
874 4114 1014 4211 coepit,
1051 4116 1159 4187 etiam
1188 4117 1364 4190 Ulmenfis
1391 4120 1638 4216 Respublica,
1662 4132 1733 4191 tum

425 4204 593 4303 quidem,
624 4206 691 4278 stve
709 4212 932 4305 potentiam,
960 4213 1034 4311 sive·
1049 4213 1193 4287 divitias
1211 4216 1445 4315 spesiaveris,
1472 4216 1730 4299 florentilstmt,

425 4306 550 4373 eodem
580 4328 752 4381 exornata
780 4308 881 4403 suit,
909 4312 944 4384 id
972 4312 1068 4410 quod
1095 4314 1257 4389 omnium
1286 4317 1404 4413 primo
1432 4344 1450 4392 a
1477 4318 1666 4390 thttetlu
1689 4310 1706 4385 s
1716 4348 1728 4364 ·
1772 4309 1773 4318 ¹

425 4400 524 4513 sium
544 4400 580 4473 in
604 4408 801 4481 Annalibus
821 4411 978 4507 reperio.
1007 4413 1102 4486 Cum
1123 4414 1217 4487 enim
1239 4415 1355 4518 plures
1375 4418 1411 4490 io
1430 4418 1559 4492 Suevia
1579 4418 1731 4493 aeFrtn·
1770 4425 1771 4436 ²

423 4524 526 4575 conta
545 4502 725 4605 Civitates
754 4507 841 4580 istud
864 4508 1133 4586 Numismatum
1161 4538 1299 4612 genos,
1326 4518 1421 4615 quod
1442 4518 1487 4590 ab
1509 4517 1647 4589 incluta
1669 4518 1731 4588 Ha·

423 4598 457 4673 la
482 4628 610 4675 nomen
639 4607 758 4695 ducit,
785 4609 831 4678 ob
854 4605 949 4681 illius
975 4611 1219 4685 celebritatem
1250 4614 1505 4705 imitarentur,
1534 4617 1649 4693 dimus
1668 4619 1733 4691 Im·

424 4722 569 4794 perator
587 4702 629 4777 ad
648 4704 929 4783 conservandum
956 4714 1157 4789 eorundem·
1181 4713 1342 4796 valorem
1369 4722 1418 4793 A.
1442 4724 1550 4813 1385.
1577 4717 1655 4791 illas
1684 4734 1734 4800 ur·⁴
1764 4785 1765 4814 ,

1613 4814 1695 4909 bes,
