3650 5459
393 278 611 412 ‘'Bm
770 237 1432 378 Nbvn‘Acri

248 517 413 588 AmErud.
428 499 590 604 quisrtis,
617 495 778 590 itemque
797 488 834 562 in
853 477 1095 559 mensurandis
1111 475 1233 577 aquis,
1260 499 1324 572 per
1341 473 1528 568 modulos,
1556 477 1649 554 rivo
1669 477 1771 558 lace}

248 605 409 677 Amr739.
430 602 553 676 raliter
572 593 723 670 insertos
742 643 754 682 ,
778 586 935 687 erogatis
954 610 965 670 3
993 581 1049 655 sed
1070 580 1178 652 etiam
1206 573 1248 649 ad
1267 603 1306 648 ea
1325 575 1457 650 resisus
1475 579 1763 680 intelligenda,

244 679 404 753 manati.
455 727 505 774 ηπ
522 696 702 795 pertinent
752 689 794 764 ad
815 709 953 760 motum
972 681 1163 756 humorum
1186 675 1386 772 incorpore
1405 679 1555 754 animali
1580 733 1588 753 .
1618 683 1761 758 Praeci·

426 729 493 903 gua
513 799 548 870 δι
568 748 817 892 simplicissima
835 785 974 886 regula,
1002 803 1109 880 quarn
1128 776 1241 854 adhuc
1268 777 1381 850 latere
1410 779 1564 872 potuisse
1588 781 1761 898 miratur

425 907 567 986 Autor,
594 893 642 966 est
661 886 883 989 hujusmodi:
903 881 1113 982 pressionem
1133 901 1329 976 aquarum,
1357 880 1572 972 pertanales
1590 907 1759 980 quosvis

425 997 614 1075 fluentium
626 1049 640 1086 ,
665 990 866 1066 constanter
881 983 1050 1080 aequalem
1070 981 1136 1049 esse
1154 981 1259 1046 a--b
1279 1003 1290 1063 ς
1320 977 1377 1047 ubi
1399 1003 1495 1072 pera
1517 978 1753 1083 intelligitur

426 1096 584 1174 altitudo
602 1094 723 1168 debita
744 1083 951 1168 velocitati,
978 1103 1130 1178 quacum
1148 1103 1260 1175 aqua,
1288 1077 1441 1188 abrupto
1461 1082 1612 1171 canali,
1639 1083 1747 1156 vase·

427 1223 497 1299 que
517 1193 719 1269 constanter
738 1189 844 1286 pleno
862 1178 1093 1268 conservato,
1123 1176 1220 1276 (post
1237 1200 1379 1272 tempus
1394 1176 1607 1269 infinitum)
1634 1181 1742 1259 efflu-

426 1323 517 1372 xura
537 1296 598 1383 fit,
626 1295 735 1386 &per
752 1289 772 1357 h
794 1280 949 1357 altitudo
967 1275 1303 1364 debitavelocitati,
1329 1300 1482 1374 quacum
1496 1305 1585 1378 aqua
1606 1308 1737 1378 perca·

427 1398 545 1470 nalem
566 1418 638 1466 non
652 1390 840 1487 abruptum
862 1409 899 1454 te
918 1378 990 1476 ipsa
1005 1373 1201 1450 transfluit.
1229 1373 1464 1450 Reslatsesiio
1482 1383 1734 1476 tertiadecima,

425 1519 503 1596 quat
520 1493 595 1593 agit
623 1492 666 1565 de
684 1487 864 1564 reabiione
892 1479 1114 1569 fluidorum,
1149 1503 1192 1550 est
1214 1475 1300 1547 vass
1328 1473 1552 1552 effluentium
1573 1534 1583 1570 ,
1607 1511 1731 1558 earun-

427 1599 601 1692 demque,
628 1588 808 1689 postquam
829 1580 1064 1667 effluxerunt,
1091 1579 1226 1674 impetu
1247 1577 1282 1650 in
1304 1576 1405 1671 plana
1427 1629 1438 1668 ,
1465 1579 1590 1678 quibus
1605 1608 1727 1657 occur·-

427 1716 534 1767 runt.
563 1696 669 1789 Aqua
690 1688 807 1774 enim,
828 1687 911 1754 dum
933 1678 1162 1777 perforamen
1183 1675 1268 1749 vafis
1286 1673 1425 1766 effluit,
1444 1678 1480 1751 in
1502 1706 1718 1774 partemcon·

428 1791 577 1866 arariam
597 1788 818 1887 premitvas,
835 1809 907 1853 non
922 1780 1025 1852 aliter
1043 1803 1083 1850 ac
1092 1779 1254 1875 globulus
1274 1777 1716 1873 retropellittormentuur,

427 1917 472 1965 err
488 1916 562 1989 quo
578 1887 802 1986 exploditur.
831 1880 891 1954 Est
909 1904 1028 1952 autem
1049 1877 1109 1950 illa
1130 1877 1183 1949 vis
1201 1876 1430 1974 repulsionis,
1446 1878 1717 1974 judiceBemal·

424 1991 499 2079 lie,
527 1989 676 2086 ponderi
704 1985 843 2086 aqualis
862 1979 1016 2073 cylindri
1043 1978 1178 2076 aquei,
1211 1975 1310 2072 cujus
1335 1977 1421 2052 bafis
1448 1983 1615 2055 convenit
1641 2009 1712 2058 tum

427 2087 571 2163 orificio
587 2113 693 2189 aquas
712 2085 1000 2168 transmittente,
1024 2087 1221 2176 (proquo
1248 2099 1391 2166 tamen,
1416 2077 1439 2150 st
1466 2105 1554 2154 vena
1581 2082 1711 2158 effluens

428 2187 679 2272 contrabitur,
704 2184 776 2283 ipsa
804 2183 913 2254 seclia
941 2203 1038 2253 venae
1067 2180 1222 2250 maxime
1236 2177 1430 2255 contradic
1451 2179 1612 2257 sumenda
1628 2183 1706 2273 esl,)

427 2289 473 2360 &1
489 2284 587 2384 cujus
615 2287 772 2357 altitudo
806 2303 920 2380 aquae
947 2279 1090 2374 duplam
1127 2279 1356 2352 altitudinem
1385 2277 1579 2376 superficiei
1605 2307 1707 2382 aquea

427 2386 533 2485 supra
553 2385 745 2473 soramcn,
775 2384 832 2454 vel
860 2380 1087 2469 accuratius,
1114 2380 1259 2478 duplum
1287 2377 1516 2456 altitudinem
1542 2379 1710 2456 velocitnti

427 2511 524 2584 aqua
543 2485 725 2560 effluentis
752 2481 925 2555 debitam.
952 2481 1106 2578 Itaque,
1134 2479 1271 2552 stnulla
1298 2478 1345 2552 est
1374 2493 1473 2556 vena
1500 2482 1704 2570 contradic,

427 2587 549 2684 prouti
578 2587 674 2657 nulla
692 2582 762 2672 est,
788 2606 869 2654 curn
900 2605 960 2677 per
980 2579 1140 2654 tubttlum
1171 2582 1313 2652 brevem
1327 2605 1439 2679 ,aqua
1466 2582 1633 2674 effluunt,
1655 2605 1702 2654 re·

427 2682 539 2794 pulfio
567 2685 676 2780 duplo
704 2680 777 2754 sere
797 2677 912 2775 major
929 2679 1018 2768 erit,
1046 2705 1151 2778 quam
1170 2678 1238 2751 suit
1257 2683 1457 2756 aNewtena
1476 2681 1630 2758 definita.
1650 2683 1703 2754 De

430 2803 568 2875 impetu
597 2806 694 2854 venae
720 2805 837 2878 aquea
865 2780 901 2850 in
932 2781 1076 2878 planum
1105 2780 1238 2853 diresie
1256 2779 1491 2881 impingentis
1513 2784 1707 2857 multicom-

429 2880 583 2952 mentati
611 2879 716 2956 sunt.
744 2879 1005 2977 Experimenta
1032 2904 1104 2952 non
1130 2877 1272 2976 prorsus
1300 2881 1549 2975 conveniunt,
1575 2883 1711 2982 plurima

429 3001 549 3054 tamen
578 2979 735 3056 indicare
764 2979 953 3070 videniur,
980 2978 1094 3052 nisum
1113 3005 1209 3055 venae
1227 2979 1714 3079 uniformiterfluentisaequa·

428 3077 498 3149 lem
519 3079 585 3149 esse
598 3079 746 3171 ponderi
765 3078 919 3165 cylindri
939 3079 1063 3170 aquei.
1090 3081 1190 3166 cujus,
1208 3079 1527 3166 bafissrtsorarnen,
1553 3103 1610 3174 per
1620 3081 1716 3176 quod

429 3201 527 3275 aquae
546 3175 727 3264 effluunt,
754 3175 789 3246 sc
809 3169 909 3268 cujus
936 3171 1091 3244 altitudo
1118 3172 1159 3246 sir
1187 3171 1328 3271 aqualis
1356 3175 1534 3256 altitudini
1548 3201 1640 3278 aqua
1663 3175 1713 3252 su·

430 3299 493 3369 pra
515 3276 696 3350 foramen.
726 3277 768 3345 In
791 3272 856 3344 hae
875 3269 1050 3343 sententia
1080 3270 1238 3370 plerique
1266 3275 1714 3377 omneshueusqueatquie·

430 3393 580 3440 verunt.
610 3375 663 3442 At
692 3370 911 3443 doiliffimus
929 3373 1163 3461 Bernrullius,
1189 3397 1227 3444 re
1255 3375 1428 3450 attentius
1455 3377 1628 3476 perpensa,
1653 3403 1714 3452 no-

427 3466 554 3566 visque
583 3465 753 3541 adhibitis
781 3469 987 3567 principiis,
1013 3470 1144 3542 &aliis
1170 3470 1379 3570 quibusdam
1408 3477 1645 3572 experimentis
1659 3477 1711 3550 in-

427 3563 582 3654 stitutis,
610 3567 703 3640 clare
722 3571 865 3642 tandem
886 3569 947 3641 sibi
967 3568 1059 3644 visus
1076 3568 1124 3643 cst
1135 3571 1364 3669 perspexisse,
1391 3575 1709 3651 communemislant

428 3664 660 3760 opinionem,
688 3670 810 3740 eodem
842 3671 951 3740 modo
978 3671 1184 3744 mutandam
1211 3673 1298 3764 else,
1326 3674 1379 3747 uti
1397 3679 1646 3752 Netutenr'mem
1671 3677 1711 3752 de

429 3765 467 3838 vi
488 3768 701 3862 repellente,
729 3767 862 3840 scilicet
889 3791 929 3839 ut
956 3766 1037 3841 loco
1063 3768 1196 3844 orificii
1224 3773 1470 3848 condideretur
1496 3775 1604 3852 seiiio
1628 3801 1717 3856 vene

426 3865 640 3954 contrane,
669 3867 703 3938 δι
730 3868 809 3938 loco
837 3865 1038 3943 altitudinis
1065 3895 1160 3968 aqua
1188 3872 1395 3947 adhibeatur
1412 3875 1522 3973 dupla
1550 3878 1718 3966 altitudo,

423 3964 609 4037 velocitati
639 3990 809 4063 aquarum
838 3967 925 4039 reali
956 3967 1185 4064 respondens.
1214 3971 1513 4048 Demonstratum
1534 3977 1652 4066 enim,
1675 3975 1723 4050 in·

424 4063 528 4162 quit,
556 4063 668 4135 habeo
696 4063 771 4135 vim
799 4065 1005 4163 repulsionis
1032 4068 1377 4170 omninoaqualem
1403 4074 1472 4148 esse
1498 4074 1724 4177 imperuim·

422 4185 498 4248 nae,
526 4159 550 4232 st
579 4161 650 4233 hac
678 4183 755 4234 tota
783 4163 821 4238 in
842 4165 984 4262 planum
1005 4169 1344 4265 perpendiculariter
1370 4172 1537 4249 incidat.
1578 4179 1636 4252 Ex
1660 4201 1723 4276 quo

420 4258 610 4356 sequitur,
645 4258 818 4358 impeturn
846 4289 943 4338 vena
969 4289 1012 4336 eo
1041 4265 1213 4363 majorem
1240 4273 1336 4362 elle,
1369 4299 1443 4372 quo
1472 4274 1598 4350 minor
1625 4275 1723 4350 suerit

419 4358 577 4454 ejusdem
597 4361 803 4436 contraslio
823 4393 831 4434 r
852 4387 930 4459 qua
959 4385 1037 4438 tota
1065 4369 1325 4460 evanescente,
1353 4373 1509 4472 &aquis
1533 4373 1635 4450 fimul
1657 4399 1725 4450 tote

414 4455 475 4528 sua
494 4456 708 4548 velocitate,
734 4485 841 4559 quam
868 4462 904 4530 in
925 4461 1062 4539 theoria
1091 4466 1218 4539 habere
1247 4473 1409 4566 possunt,
1437 4475 1723 4570 erumpentibus,

414 4553 525 4650 duplo
546 4558 718 4649 majorem
746 4562 814 4630 esse
840 4557 1041 4655 impetum,
1065 4591 1172 4664 quam
1200 4569 1312 4665 vulgo
1332 4569 1522 4646 statuitur:
1553 4577 1729 4674 quievero

421 4649 557 4753 semper
574 4655 760 4732 velocitati
785 4655 918 4756 aliquid
938 4660 1099 4758 decedit,
1125 4669 1159 4739 dt
1172 4689 1261 4742 vena
1280 4692 1355 4742 non
1375 4693 1461 4745 raro
1482 4674 1528 4752 ad
1541 4673 1728 4754 dimidium

1612 4773 1684 4849 sete
