3650 5459
230 348 237 354 ’
321 342 814 479 'sonarem
894 370 1113 481 Tomi.
1207 328 1303 513 461

79 587 1555 788 mmmmm-Qu&
1709 626 1715 639 ’

101 778 1245 974 ”].ς.ιι.ὀοοιΤΑΤΑ
1463 728 1563 855 '3³

119 1051 1048 1169 DeveraNominisHluuotrrrat
1082 1099 1113 1167 ι
1144 1066 1343 1178 ane

102 1235 106 1245 “
505 1244 511 1254 ’
605 1214 843 1371 origine.

163 1491 244 1565 ΠΕ
268 1490 363 1565 Ven.
381 1491 595 1563 Heumannus
621 1490 658 1564 in
686 1490 923 1567 tecentifflma
948 1490 1169 1595 Conspectus
1195 1494 1263 1571 Rei
1291 1494 1380 1577 abii-

81 1630 88 1643 ·
190 1616 236 1663 cae
257 1589 458 1664 Litterariae
486 1588 644 1664 editione
668 1612 748 1687 pag.
762 1617 841 1691 327.
867 1592 910 1661 Θ
921 1594 994 1689 seq.
1021 1596 1064 1669 de
1086 1620 1173 1669 reto
1201 1520 1379 1692 perfuncti

83 1728 90 1739 ·
203 1689 299 1762 iliius
319 1690 510 1787 Hippolitbt'
527 1708 547 1761 'a
566 1694 695 1787 lapide
721 1690 869 1765 nominc
895 1692 933 1764 in
948 1691 1107 1767 medium
1126 1692 1300 1793 protulit,
1326 1694 1378 1769 ita

81 1810 178 1861 certe
204 1814 406 1889 comparata
435 1789 535 1879 sunt,
566 1812 605 1863 ut
631 1787 813 1863 sententiae
829 1792 1080 1885 Conringianae,
1106 1818 1176 1891 qua
1194 1788 1381 1883 statuitur,

82 1889 273 1983 Bagisiaum
291 1892 480 1985 Philippum
499 1889 723 1960 Cbemttiu'um
748 1889 811 1961 sub
837 1885 921 1979 fidia
948 1888 1264 1991 istaappellatione
1291 1888 1378 1965 late·

80 2005 122 2055 re
139 1986 311 2077 votuisse,
345 2014 452 2061 nemo
479 2014 551 2061 non
581 1989 758 2089 adsurgere
784 2012 977 2063 teneatur.
1014 1992 1122 2065 Circa
1149 2012 1298 2083 etymon
1326 2012 1378 2063 ta-

80 2104 156 2157 men
183 2084 351 2160 adscititii
381 2086 537 2161 nominis
565 2112 674 2186 pauca
700 2086 858 2187 quaedam
888 2086 1059 2163 monuiffe
1077 2090 1203 2163 liceat.
1231 2087 1376 2161 Scilicet

82 2180 249 2259 existimat
278 2187 347 2258 Vir
365 2188 444 2260 Cel.
462 2186 684 2260 Chemnitium
713 2185 966 2286 pseudonymia
993 2210 1192 2263 memorata
1220 2185 1375 2285 digitum

83 2300 147 2355 tam
173 2284 462 2374 ad-Holsatiam,
489 2310 564 2386 que
581 2288 798 2362 Germanice
817 2288 976 2377 &illicita
1003 2314 1179 2378 vocatur,
1205 2308 1311 2385 quam
1330 2284 1374 2363 ad

82 2376 221 2477 indgnia
250 2387 402 2458 Ducum
428 2384 524 2458 issiua
551 2385 737 2485 regionis,
762 2386 800 2459 in
817 2387 943 2485 quibus
970 2388 1139 2461 candidus
1161 2408 1295 2479 equae,
1320 2408 1375 2459 ta·

84 2476 169 2551 tione
187 2481 399 2557 Ditmarstae
416 2480 642 2571 Provineiae',
665 2483 911 2579 conspicitur,
939 2484 1127 2556 intendisse
1146 2534 1157 2569 ,
1184 2504 1289 2576 atque
1316 2480 1375 2553 de-

77 2579 360 2653 nominationem
382 2580 479 2651 illam
497 2580 581 2651 inde
598 2602 800 2653 mutuatum
817 2578 935 2651 fuiffe.
964 2590 1014 2657 Αι
1035 2604 1123 2652 vero
1141 2576 1283 2677 longius
1302 2576 1374 2651 haec

80 2676 175 2769 petita
205 2680 357 2752 videtur
381 2674 614 2771 conjectura,
641 2679 708 2769 dt,
734 2678 989 2769 Chemnt'tt'um,
1015 2704 1095 2751 curn
1123 2701 1255 2751 nornen
1282 2673 1374 2749 issud

82 2774 289 2863 adumetet,
315 2776 475 2849 animum
502 2774 570 2849 huc
596 2777 792 2876 appuliffe,
825 2778 888 2849 vix
909 2778 1090 2876 probabile
1108 2775 1182 2849 cst.
1207 2774 1372 2851 planiore

84 2865 187 2973 itaque
216 2875 331 2947 modo
359 2872 493 2945 nodum
519 2873 654 2950 huncce
682 2876 775 2949 bona
800 2900 920 2949 tamen
941 2875 1021 2949 Viri
1039 2871 1373 2981 aptetuurn'ruvu

82 2968 157 3063 uia,
183 2971 358 3071 expedire
386 2972 619 3046 tentabimus.
645 2976 688 3047 In
717 2999 757 3050 ea
784 2974 958 3049 nimitum
980 2972 1100 3049 sumus
1120 2974 1295 3048 sententia
1321 2992 1373 3045 tt·

77 3090 140 3163 'que
164 3071 371 3170 opinione,
410 3070 527 3144 causat
554 3072 720 3147 stmulatae
747 3074 996 3173 appellationis
1023 3100 1097 3149 non
1120 3072 1197 3147 nifi·
1218 3072 1257 3145 in
1284 3094 1376 3147 veto

82 3168 252 3241 Chen-itii
288 3166 436 3241 nominc
470 3169 579 3267 quari
615 3194 810 3269 oportere.
843 3170 954 3262 Quod
980 3174 1076 3246 enirn
1111 3174 1154 3247 ad
1181 3168 1374 3267 ffl'ppolirbt'

80 3286 273 3358 prenomen
300 3268 456 3357 attinet,
484 3266 708 3365 personatum
738 3270 839 3341 ilium
859 3270 1079 3368 Scriptorem
1109 3271 1178 3343 hoe
1205 3268 1281 3369 ipso
1308 3294 1371 3341 no·

82 3383 158 3435 men
185 3366 385 3467 baptismale
410 3368 561 3463 Philippi
586 3369 759 3463 (Bagislat‘
785 3367 936 3451 notione
963 3370 1229 3469 planeomiffa)
1252 3366 1370 3442 octub

82 3478 150 3533 tare
174 3464 381 3557 intendiffe,
406 3492 575 3566 perquam
605 3464 651 3538 est
670 3466 886 3539 verifimile.
914 3468 1006 3541 Satis
1033 3468 1234 3555 videlicet,
1260 3492 1370 3564 quan·

84 3578 148 3635 tum
176 3566 379 3664 conjcddutu
396 3590 647 3665 auguramur,
673 3565 739 3635 effe
768 3565 931 3662 putavit,
952 3566 1069 3639 modo
1093 3567 1129 3639 in
1152 3590 1276 3664 utraqe
1294 3561 1369 3657 equi
1398 3574 1400 3581 “

86 3651 243 3738 iudicium
279 3691 412 3763 quacun
444 3690 485 3736 ue
514 3664 654 3739 ratione
681 3661 860 3736 exstaret.
894 3662 994 3753 Sed,
1025 3664 1067 3735 de
1095 3664 1163 3737 hoc
1191 3688 1229 3735 ut
1259 3662 1366 3761 proli-

86 3755 151 3830 riut
174 3787 345 3863 agamus,
380 3691 489 3838 nebai
516 3763 554 3836 in
585 3762 728 3861 praesens
763 3788 835 3833 non
863 3758 910 3834 cst
938 3760 1118 3836 instituti.
1154 3764 1366 3845 Accedimus
1387 3794 1461 3877 p,gp
1480 3808 1550 3875 ψ’·

87 3857 189 3945 potius
212 3862 255 3936 ad
282 3862 339 3954 id,
365 3862 492 3963 inquo
516 3864 625 3937 tardo
653 3863 703 3933 rei
730 3859 915 3951 vertitur,
943 3888 1068 3960 nempe
1094 3860 1137 3935 ad
1166 3887 1367 3961 cognomen

84 3954 247 4034 Cbmririi
261 4016 274 4054 ,
301 3986 428 4062 atque,
452 3962 542 4037 istud
569 3960 712 4062 gemina
729 3960 869 4055 Lapidis
895 3962 1100 4051 mentione,
1127 3965 1252 4035 Graeca
1270 3986 1366 4059 atque

87 4056 275 4153 relatiua,
303 4062 488 4151 denotari,
515 4061 668 4137 fidenter
686 4060 884 4131 afferimus.
912 4061 1160 4135 Cettiffimum
1189 4058 1268 4131 sane
1295 4058 1366 4149 est,

87 4157 278 4235 vocabulum
297 4164 464 4241 Chemm'a,
487 4162 613 4260 (quod
642 4155 780 4234 redliua'
800 4158 951 4257 Kemniz
971 4158 1137 4233 scribitur
1157 4210 1169 4248 ,
1200 4157 1366 4255 quemad·

88 4255 213 4331 modum
238 4263 275 4333 ἃ
301 4264 408 4334 Mart.
436 4262 692 4351 Chemmitium,
728 4256 853 4331 Nostri
882 4284 1020 4349 avum,
1054 4256 1266 4358 quandoque
1292 4256 1365 4325 Ke-

84 4350 217 4428 unicium
249 4359 283 4432 se
312 4359 482 4435 vocitaffc
510 4357 684 4445 constat,
725 4357 798 4432 vid.
826 4356 913 4430 aaa
940 4364 1055 4455 Inaug.
1085 4357 1243 4429 Academ.
1265 4356 1368 4439 Jun'ae

85 4450 247 4545 Anr576.
274 4460 417 4544 linN.)
442 4458 636 4533 Slavonicae
663 4456 731 4529 effe
756 4456 939 4556 originis,
973 4485 1013 4533 ac
1040 4458 1184 4554 lapidem
1212 4452 1365 4551 defigna·

87 4566 133 4619 re·
155 4553 277 4647 Unde,
302 4557 513 4631 &mantiam
530 4558 771 4647 soraborum,
797 4582 836 4629 ac
855 4560 1083 4631 Cameneeium
1100 4560 1366 4639 Sarmatarum,

87 4643 178 4728 lton
198 4656 374 4754 lapideas,
399 4656 425 4734 st
452 4654 710 4758 etymologiam
737 4652 889 4757 specics,
918 4652 1115 4754 nuncupari
1135 4648 1253 4752 posse,
1279 4646 1365 4761 asse·

208 4763 213 4775 ’
1267 4770 1318 4821 rrt
