3650 5459
504 274 606 375 400
739 220 1053 369 ‘No-vri
1137 215 1411 325 Actu

249 482 415 557 Antron.
429 461 634 567 pertinent,
661 452 696 524 bt
714 464 790 550 qun
808 444 883 547 poll
903 439 1080 542 pertilrm
1096 460 1232 511 morus
1256 430 1525 534 generationem
1556 452 1749 537 pereunt,¹

249 578 407 659 noant·
430 566 596 662 nullaque
614 551 667 627 lui
686 546 1078 649 telligit'relinquunt.
1108 540 1245 612 Verum
1265 532 1362 608 enirn
1383 556 1492 625 uero,
1516 536 1748 635 quodell'en.'

249 650 295 713 Μ·
316 646 405 721 M⁸l¹·
429 666 515 741 title
536 657 605 747 est,
633 677 758 753 nempe
778 650 833 723 vit
850 648 935 721 uiua
954 646 989 717 in
1009 664 1158 739 corpote
1179 638 1323 739 genitu,
1351 660 1422 709 non
1443 634 1560 731 perit,
1587 636 1743 741 ledper.

427 785 571 851 manet,
598 756 709 830 donec
730 748 885 825 transeat
907 747 944 818 in
966 740 1089 833 aliud,
1114 742 1171 812 vel
1188 764 1288 831 tota,
1318 760 1356 810 ut
1377 734 1468 809 nihil
1487 734 1745 843 sibitelioqua·

427 888 509 956 tur,
527 858 586 938 nel
604 857 640 928 in
661 851 826 941 tontum,
844 848 868 921 st
887 845 1058 921 nimirum
1072 864 1149 937 pars
1159 838 1384 912 solummodo
1403 836 1553 926 tranlit3
1570 836 1742 920 ltaeccum

425 965 589 1068 reliqua,
605 948 890 1055 quaesuperellin
912 942 1047 1045 priori,
1066 936 1381 1041 semperconlicitr
1394 958 1535 1015 toturn.

479 1062 622 1157 §.xlm
648 1055 750 1130 'Hinc
767 1054 803 1124 in
825 1041 1156 1122 communicatione
1177 1064 1293 1113 motus
1312 1062 1528 1137 corporum,
1557 1040 1595 1115 in
1624 1043 1660 1118 se
1686 1040 1741 1117 in.

427 1166 546 1242 uicem
567 1151 871 1258 impingentium,
899 1147 957 1220 vel
983 1141 1092 1249 etium
1121 1140 1159 1213 in
1188 1139 1289 1214 varia
1318 1136 1590 1215 modificatione
1619 1164 1740 1221 moror

428 1264 587 1369 partium
614 1256 719 1333 unius
747 1250 974 1350 ejusdemque
1003 1241 1164 1337 corporis
1192 1235 1428 1337 tvipropria
1449 1242 1651 1337 pendente,
1678 1244 1740 1317 ubi

429 1366 524 1443 niltil
541 1360 659 1463 perire
676 1350 790 1455 potest
807 1348 878 1423 line'
897 1346 1021 1447 nquali
1040 1340 1168 1417 effebiu
1192 1376 1203 1431 ,-
1230 1366 1295 1452 pto
1314 1336 1552 1415 fundamento
1575 1343 1612 1415 ἀ
1640 1343 1742 1443 prio·

431 1466 464 1541 ci
492 1464 529 1538 io
565 1452 759 1535 universali
794 1448 882 1551 poni
908 1448 1012 1522 ‹lebct
1050 1447 1260 1540 conservatio*
1285 1438 1412 1511 virium
1437 1444 1599 1515 vivarum
1627 1494 1639 1535 ,
1668 1442 1742 1517 hoc

432 1492 506 1656 eli,
531 1560 627 1636 illius
648 1550 828 1650 facultatis
848 1550 978 1646 ‘agendi
1004 1573 1016 1635 3
1043 1570 1118 1647 quie
1147 1542 1220 1617 solt
1248 1536 1294 1613 ell
1323 1538 1465 1615 interna
1492 1594 1504 1631 ,
1528 1540 1633 1617 renis
1660 1595 1673 1634 ,
1704 1544 1743 1615 ἃ

431 1662 658 1765 perseverarit
680 1657 717 1730 in
742 1650 926 1727 trillenria
944 1648 1024 1738 lut,
1052 1670 1091 1719 ne
1119 1668 1196 1744 qun
1224 1641 1329 1715 habet
1348 1639 1618 1715 determinatam
1632 1642 1743 1715 sunm

432 1762 674 1865 qutntitttent
702 1756 760 1828 v'el
789 1750 989 1824 mensuram
1019 1746 1315 1845 independenrtm
1354 1740 1398 1814 ob
1423 1741 1518 1815 omni
1545 1738 1746 1816 modifica·

431 1870 534 1939 tione
554 1864 723 1948 externo,
750 1877 789 1927 ut
810 1850 1090 1949 ‘lunttempora
1118 1844 1153 1915 δι
1183 1842 1399 1941 prelsro'nts,
1423 1840 1518 1913 sicuti
1546 1838 1714 1917 vidimus
1729 1894 1742 1933 ,

431 1964 601 2065 aqualem
622 1960 697 2032 uim
716 1957 835 2030 dutum
852 1949 921 2024 elle
940 1948 1053 2023 tribus
1080 1943 1311 2043 corporibus,
1341 1946 1373 2015 Α
1386 1942 1524 2031 ,,Β,Ο,
1550 1938 1633 2012 ideo
1661 1964 1742 2013 tan·

431 2088 535 2153 tunt,
561 2054 804 2160 quitaequnlit
821 2048 922 2125 causo
943 2049 1040 2122 illam
1069 2046 1107 2121 in
1136 2044 1278 2217 stnsgulis
1308 2039 1499 2137 produxit,
1527 2062 1651 2135 nempe
1681 2040 1739 2115 vis
1797 2124 1798 2127 Ἴ

429 2185 587 2263 quatuor
606 2156 840 2241 elelirorum,
866 2150 950 2223 licet
970 2148 1005 2221 id
1023 2146 1155 2222 lullum
1190 2167 1217 2216 tt
1235 2140 1348 2214 tribus
1365 2138 1511 2237 diterlic
1531 2136 1668 2227 modis,
1685 2163 1740 2213 ta·

431 2266 531 2337 tione
559 2282 634 2333 tarn
663 2254 857 2355 temporis,
884 2275 992 2350 quarn
1025 2244 1243 2347 pteffionit.
1279 2238 1416 2343 Quodsi
1443 2262 1617 2336 proteret
1645 2234 1737 2313 uliud

429 2360 580 2461 quaeris,
608 2362 677 2430 nn!
705 2354 798 2427 idem
814 2350 922 2441 facis,
950 2376 989 2423 tc
1017 2346 1099 2420 lind
1116 2340 1352 2415 aellimtndam
1378 2362 1474 2435 tquae
1491 2335 1735 2436 quantitatem

430 2459 469 2533 in
485 2481 622 2533 cratere
641 2477 872 2541 contentam,
895 2472 1018 2549 proter
1037 2440 1210 2518 tbl‘utletn
1226 2438 1449 2525 tnenl‘urnm,
1468 2438 1663 2511 attendere
1673 2438 1736 2511 vel·

250 2577 323 2663 Ptg.
346 2576 410 2643 218.
431 2562 486 2635 les·
504 2558 550 2635 *acl
568 2556 840 2656 amplitudinem
860 2548 1010 2637 canalis,
1027 2544 1089 2715 pul
1110 2560 1282 2615 craterem
1304 2534 1492 2647 impleuit,
1520 2534 1641 2611 veltcl
1655 2558 1734 2611 rent.

430 2686 494 2763 pus
502 2713 514 2752 ,
532 2660 629 2759 quod
646 2659 683 2729 in
700 2652 883 2753 implendo
900 2646 969 2719 luit
982 2645 1024 2717 'in
1044 2664 1206 2727 umturnt
1233 2632 1348 2712 define
1377 2633 1490 2734 igrtur
1507 2660 1733 2737 quaerereno·

430 2761 516 2836 dutn
545 2758 742 2855 inlcirpo.
791 2788 794 2793 ·

483 2863 603 2954 §.le
631 2854 936 2941 Restnttandem,
963 2868 1001 2921 ut
1021 2842 1259 2944 explicemur,
1286 2858 1458 2940 qnantum
1487 2832 1646 2913 habetor
1666 2834 1733 2911 uin

430 2962 556 3037 ninam
577 2982 752 3054 corpora,
780 2982 856 3055 qun
877 2944 1222 3027 diverlovtlocitote
1240 2961 1451 3013 moventur.
1477 2938 1650 3031 Numen,
1665 2958 1735 3037 qun

429 3062 565 3135 habent
588 3055 802 3126 velocitates
819 3052 989 3146 aquales,
1016 3046 1130 3145 palam
1150 3041 1197 3114 ell
1223 3039 1259 3111 ἃ
1287 3061 1387 3112 extra
1416 3038 1694 3112 controve'rfinnr
1720 3084 1732 3125 ,

456 3157 584 3230 tudere
611 3146 749 3220 vitibus
777 3146 871 3218 vivit
898 3147 936 3216 in
965 3145 1105 3214 ratione
1133 3139 1344 3226 mullorum
1371 3136 1449 3229 sed,
1478 3136 1501 3213 st
1530 3137 1729 3211 velocitates

428 3262 513 3329 lunt
533 3247 741 3348 inequales,
768 3245 837 3318 erit
856 3244 894 3318 in
915 3240 1078 3345 quolibet
1098 3264 1249 3335 corpore
1276 3238 1332 3311 uis
1360 3236 1467 3328 viva,
1491 3237 1573 3330 seu,
1597 3262 1670 3339 qun
1693 3233 1731 3307 in

427 3353 496 3427 illo
512 3348 580 3440 ell,
594 3348 777 3421 ltcultntt
804 3344 906 3435 endi,
931 3337 1298 3441 (quamvisnbluiplo
1316 3363 1388 3412 non
1407 3362 1507 3440 ngat,
1521 3348 1535 3427 )
1548 3339 1585 3411 in
1599 3336 1732 3411 ratione

422 3448 627 3553 eo'rnpofitt
648 3448 760 3519 mallae
779 3371 814 3515 bt
833 3442 1001 3546 quadrati
1018 3440 1252 3541 velocitatis,
1280 3463 1351 3513 non
1372 3437 1538 3537 simplicis
1567 3436 1733 3510 velocitt·

431 3551 501 3643 tis,
529 3574 569 3625 ut
596 3548 821 3624 contendunt
846 3540 1074 3632 Adversarii,
1102 3539 1164 3639 qui
1193 3564 1265 3613 non
1294 3537 1524 3638 intelligunt,
1550 3538 1608 3611 vel
1636 3534 1734 3633 qui,

419 3651 553 3729 *nescio
580 3702 592 3741 ,
618 3674 692 3751 qno
720 3642 994 3722 contradicendi
1024 3641 1205 3742 pruritu,
1232 3638 1435 3740 intelligere
1460 3640 1589 3713 nolunt
1615 3634 1735 3709 discri-

430 3774 514 3827 men
543 3752 640 3826 inter
666 3747 763 3822 nitet
788 3746 892 3820 vivus
920 3743 955 3814 δε
985 3764 1165 3816 mortuus.

486 3853 626 3945 §.xxt
654 3844 944 3945 Propofitionem
964 3862 1081 3918 tutem
1111 3838 1210 3915 illam
1239 3840 1283 3915 tle
1301 3838 1437 3913 viribus
1463 3834 1570 3924 vivis,
1624 3858 1676 3907 un
1694 3831 1732 3905 in

431 3950 641 4050 corporibus
677 3943 867 4045 aequnlibus
892 3942 926 4016 se
963 3943 1096 4017 ltnbent
1124 3940 1162 4013 in
1190 3939 1370 4039 duplicata
1407 3940 1546 4013 ratione
1574 3860 1734 4007 ciletitn·

429 4074 530 4141 tum,
558 4047 680 4122 multis
698 4048 787 4119 tdeo
814 4040 1180 4119 demonstrationibus
1207 4038 1355 4114 invibbis
1384 4038 1528 4114 munivi
1546 4035 1732 4110 inDillet·

429 4150 569 4227 tatione
598 4171 676 4220 met
703 4145 745 4220 de
764 4147 878 4219 Motu
905 4143 1009 4243 supra
1035 4143 1209 4237 allegato,
1237 4161 1277 4212 ut
1305 4140 1423 4215 abtum
1453 4160 1620 4241 agerem,
1649 4135 1732 4209 fient

428 4272 554 4327 omnes
582 4246 641 4321 hic
667 4269 866 4347 repeterem
896 4299 904 4318 .
932 4242 1048 4317 Lubet
1076 4262 1196 4312 tamen
1225 4262 1332 4312 unum
1363 4238 1497 4315 referre
1525 4291 1536 4328 ,
1563 4262 1644 4338 quae
1672 4257 1733 4340 prae

427 4350 558 4436 ceteris
576 4346 695 4423 brevit
711 4346 781 4438 est,
807 4346 843 4418 δι
863 4368 935 4418 non
956 4339 1073 4415 minut
1088 4340 1208 4428 clara,
1235 4362 1350 4439 eoque
1377 4338 1578 4426 lubentius,
1607 4334 1733 4437 quod,

249 4564 331 4639 tn
368 4564 386 4638 1
426 4434 1252 4627 lltllltzf‘l‘”ttlblltlit”llll
1274 4438 1553 4637 ‘llllzlp‘rl
1582 4432 1735 4634 llll:

245 4664 327 4764 Fig.
343 4688 375 4738 ι.
426 4650 476 4729 lit
491 4652 576 4733 A&
594 4652 647 4744 B,
672 4647 800 4749 quibos
825 4638 1108 4743 quiescentibus,
1133 4636 1347 4740 interpositu
1375 4636 1605 4739 concipiatur
1631 4632 1732 4807 floriet

1623 4762 1644 4811 e
1660 4760 1694 4811 t·
