3650 5459
525 356 625 501 '548
721 345 782 457 acl
822 344 1035 456 Nova
1081 337 1279 493 Aera
1321 316 1543 436 Earin-

292 606 435 676 namn,
455 582 582 679 absque
620 570 747 647 rabulis
776 564 940 655 smum,
976 556 1236 635 ac‘marimum
1266 554 1301 625 δε
1329 548 1520 621 minimum
1555 540 1668 641 hujus
1690 548 1763 625 ιιι.

272 692 313 755 Ν.
331 690 369 749 Su
395 686 435 765 tal·
457 681 526 755 rusi
556 672 685 770 adspiti
714 671 844 741 docet.
879 663 998 733 Nicule
1025 660 1060 730 in
1090 659 1199 730 lineas
1226 650 1358 737 tertii,
1395 650 1453 720 vel
1481 672 1609 717 curvas
1634 646 1759 725 seeun-

274 768 350 832 Μ·
374 706 434 828 lx·
455 780 490 857 di
520 770 702 874 inquisivit
730 764 889 850 ordinis.
919 766 1105 842 Newtpnur
1131 757 1168 827 in
1197 752 1259 825 suo
1285 758 1327 823 tle
1354 751 1399 820 iis
1422 748 1604 820 Trabbaru
1622 773 1666 836 72
1680 745 1758 847 spe·

455 881 526 957 ries
552 871 776 955 enuntiavit,
797 862 928 961 ¹quibus
944 860 1085 951 Srirlr'ng
1106 863 1151 927 A.
1171 858 1292 943 1718,
1319 850 1648 945 addiditquatuor,
1671 874 1760 945 qua·

456 1002 534 1054 rum
557 978 737 1045 Newronur
760 990 828 1037 non
855 961 1087 1042 meminerat,
1117 982 1157 1048 3¹
1179 954 1239 1025 dat
1259 955 1375 1021 Nirale
1398 948 1649 1046 oequationne,
1672 970 1757 1047 quas

457 1100 578 1157 tamen.
604 1072 684 1157 atl7
715 1063 943 1160 simpliciores
962 1056 1120 1133 reducit.
1148 1052 1204 1125 sed
1232 1053 1266 1121 δι
1296 1049 1387 1139 bap
1416 1048 1646 1144 irrquattuoe,
1670 1072 1754 1148 quas
1795 1073 1796 1082 ¹

456 1176 588 1263 vides,
621 1163 804 1243 transeunt
849 1146 1615 1258 tryy-‚eymari-l-‘srxx-l-cx-l-f.
1795 1141 1796 1148 '

674 1303 678 1310 ·
817 1272 820 1279 '
891 1333 895 1341 ,
1037 1246 1610 1350 κγςάκδψὺκκ-ᾕ-εκῌ.

894 1404 897 1411 «
1032 1344 1612 1450 γγεακδ-Ι-όκκ-ᾇ-εαψῖ.

930 1497 938 1515 ·
1059 1448 1611 1543 y2ax34bxx'4ne-s-f.

454 1577 510 1647 De
530 1572 645 1665 lagny
675 1561 771 1638 usum
800 1563 1064 1660 polygonotum
1085 1555 1353 1628 reblilineorum
1371 1544 1599 1621 arithmetice
1621 1547 1751 1645 ragusa:

458 1671 552 1745 rium
582 1668 623 1739 ad
654 1662 902 1737 mensurandas
929 1682 1055 1731 curvas
1082 1659 1235 1729 edocet.
1264 1648 1559 1746 Haecspolygona
1586 1646 1745 1723 arithme-

460 1770 530 1843 tice
550 1762 723 1866 regularia
751 1788 790 1836 ea
818 1760 919 1850 sunt,
946 1780 1097 1857 quorum
1127 1755 1238 1827 latera
1254 1749 1376 1822 omnia
1401 1744 1742 1839 commensurabilia,

459 1892 605 1968 quaque
634 1860 978 1957 circumscriptores
1006 1854 1176 1948 inscripta
1194 1874 1328 1939 curvam
1357 1869 1418 1920 aur
1445 1847 1548 1918 lineae
1565 1843 1648 1934 uni,
1670 1871 1741 1945 ep

144 2028 153 2047 .
229 2002 231 2005 ·
280 2008 353 2091 ρῳ
372 2022 441 2085 409·
462 1966 584 2056 radio,
611 1986 672 2037 aut
701 1984 756 2036 rnt
783 1961 909 2048 remis,
935 1980 1024 2056 quot
1043 1956 1084 2027 ad
1097 1946 1562 2026 determinandamcurvam
1574 1945 1738 2043 requirun-

463 2091 543 2157 tur,
571 2058 900 2138 commensurabilia
928 2056 1032 2129 sunt.‘
1057 2054 1228 2151 Applicat
1254 2048 1431 2122 theoriam
1458 2043 1554 2118 suam
1573 2050 1627 2118 De
1644 2048 1738 2139 lagny

462 2160 775 2265 trigonumetriae‚
802 2161 902 2248 &70
934 2153 1216 2257 propositionum
1244 2149 1431 2221 dimidium
1462 2171 1571 2219 unum
1598 2144 1737 2245 trigonu-

355 2319 357 2323 -
461 2263 598 2340 metriae
628 2262 757 2359 plana,
785 2259 937 2332 alterum
965 2253 1161 2352 sphaericae,
1185 2250 1337 2324 tribuit.
1364 2245 1556 2343 loquoris
1579 2242 1739 2343 triangulo

462 2360 728 2438 confiderantur
748 2385 768 2450 7
792 2356 1076 2455 magnitudines,
1104 2383 1121 2447 3
1152 2354 1283 2439 latera,
1313 2344 1474 2446 3angnli
1499 2346 1535 2415 ἃ
1563 2345 1652 2418 ratio
1665 2366 1737 2415 area

462 2461 738 2559 triangulorum
762 2457 1014 2555 sphaericorum
1051 2452 1095 2527 ars
1129 2450 1449 2550 hemispherium,
1483 2445 1579 2543 quod
1610 2442 1651 2515 esl
1682 2442 1739 2513 bo·

461 2587 544 2635 rum
578 2559 840 2658 triangulorum
869 2554 1066 2629 maximum
1101 2550 1346 2625 exclusivum.
1381 2544 1592 2639 Manperrais
1623 2564 1735 2615 novam

462 2658 606 2733 exhibet
644 2680 834 2730 curvarum
870 2653 1092 2755 quarundam
1129 2650 1411 2750 proprietatem.
1445 2650 1567 2742 Curva
1599 2641 1736 2741 quadam

461 2783 620 2835 concava
648 2781 749 2829 axem
777 2752 922 2845 versus,
952 2751 993 2827 sit
1021 2768 1190 2826 convetu¹
1208 2747 1327 2823 versus
1346 2745 1532 2819 eundem.
1560 2742 1736 2828 Punbbum,

431 2868 435 2876 '
462 2856 522 2933 ubi
551 2879 710 2929 mutatur
736 2854 846 2945 fitur,
873 2852 1005 2925 dicitur
1028 2850 1198 2952 punblum
1217 2845 1441 2937 reflexionis,
1466 2842 1643 2918 velslexus
1665 2862 1737 2913 con·

465 2956 593 3033 trarii.
620 2955 719 3031 Fieri
748 2954 880 3052 potest,
908 2979 948 3027 ut
964 2976 1074 3027 curva
1102 2954 1139 3024 in
1165 2949 1285 3047 spatio⁴
1314 2970 1456 3019 rantum
1482 2941 1618 3017 infinite
1643 2959 1741 3038 parvo

465 3054 635 3131 conversa
662 3053 782 3128 versus
801 3080 902 3126 axem
922 3052 987 3141 stt,
1013 3048 1207 3126 aeinfinite
1229 3071 1340 3146 parvo
1366 3043 1527 3132 secundo,
1554 3040 1662 3115 {latim
1679 3038 1740 3108 ite·

463 3180 544 3229 rum
567 3180 724 3228 concava
752 3153 898 3224 evadat.
929 3150 1365 3238 Punslum,·ubi.iterum
1381 3167 1553 3229 mutetur,
1578 3135 1740 3237 punslum

462 3252 636 3351 serpentis
663 3256 705 3322 dr
732 3256 851 3345 Lagny
877 3248 1036 3321 dicitur.
1073 3250 1172 3321 Fieri
1200 3249 1326 3322 itidem
1353 3242 1462 3345 potest
1486 3238 1559 3340 poll
1584 3235 1739 3336 punslttm

458 3350 658 3458 ¹regressus,
686 3370 725 3415 ut
754 3350 845 3418 baud
875 3349 1028 3419 multum
1057 3348 1282 3444 regrediatur
1309 3370 1438 3435 curva,
1463 3338 1623 3439 sequenti
1635 3334 1738 3409 slatirn

465 3444 609 3557 tnllntte
637 3468 751 3542 parvo
777 3445 930 3544 primam
956 3446 1191 3537 direslionem
1217 3448 1427 3534 resumens,
1451 3443 1525 3527 ita,
1551 3464 1591 3512 ut
1608 3438 1739 3511 interru·

455 3567 544 3643 prro
561 3566 676 3620 curvae
696 3571 769 3619 nort
789 3569 978 3645 appaream
1005 3540 1200 3647 purisbum,
1226 3548 1287 3622 ubi
1314 3548 1379 3627 ln·
1392 3538 1605 3619 mutationes
1625 3533 1712 3609 sassa
1723 3580 1741 3621 ‚

463 3644 506 3715 rte
523 3644 640 3740 Lagny
665 3647 837 3743 punslum
856 3646 1006 3741 duplicia
1023 3650 1146 3747 punsli
1163 3648 1317 3723 dieitur.
1699 3673 1703 3679 ·

454 3804 460 3819 .
513 3742 558 3815 ln
582 3745 790 3829 Astronomia
816 3747 858 3813 dr
874 3748 1015 3817 Mar'ran
1031 3749 1074 3821 tle
1092 3772 1195 3822 motu
1219 3750 1350 3822 diurno
1373 3770 1506 3834 terrae,
1528 3742 1565 3814 &
1582 3731 1741 3811 rotatione

454 3839 560 3955 ‚eirca
581 3869 705 3930 axem,
732 3843 987 3937 ratiocinatus,
1014 3845 1086 3921 brec
1114 3874 1176 3945 per
1193 3846 1338 3935 Carrefii
1352 3846 1514 3918 vortices
1531 3864 1629 3941 quam
1653 3831 1742 3906 facil·

450 3941 550 4016 lama
571 3940 748 4041 explicatu
768 3945 901 4034 eredit,
929 3951 1025 4044 quod
1050 3947 1088 4019 itt
1107 3949 1329 4021 Newtonr'ann
1364 3944 1585 4046 systemate,
1615 3961 1657 4009 eat
1688 3932 1747 4028 eius

452 4038 638 4155 'sententia
660 4040 721 4131 ,st
740 4068 812 4115 non
841 4046 944 4141 plane
960 4045 1173 4143 impossibile
1193 4100 1205 4137 ,
1230 4070 1327 4120 certe
1346 4072 1455 4145 quam
1482 4036 1747 4115 difficillimum.

452 4140 660 4252 8upponrr,
688 4166 859 4239 corpora,
887 4145 1247 4241 ubieunque-demum
1276 4147 1314 4219 itt
1332 4145 1476 4223 vortice
1503 4138 1616 4215 solari
1642 4131 1751 4232 polite,

448 4262 646 4349 ‹gravjlare
664 4264 849 4337 centrum,
876 4244 936 4316 vel
963 4243 1073 4316 lolem
1095 4246 1243 4337 versus,
1280 4247 1318 4318 in
1348 4244 1490 4318 ratione
1516 4235 1662 4315 inversa
1684 4254 1752 4331 qut·

449 4341 558 4447 -dtatt
586 4336 832 4415 distantiarum
860 4343 903 4415 ab
921 4342 990 4429 hoc
1010 4369 1155 4419 centro.
1182 4346 1363 4444 supponit
1391 4368 1529 4443 porro,
1556 4329 1751 4434 eorporisitt

460 4458 600 4510 vorttce
621 4440 840 4549 revolventis
867 4466 1005 4539 partem
1032 4446 1238 4544 graviorem
1266 4445 1406 4545 semper
1424 4441 1580 4515 obverti
1597 4434 1755 4515 terminu,

461 4534 553 4605 unde
572 4560 692 4608 ventat
712 4537 882 4628 fluidum,
909 4540 944 4610 δε
963 4542 1135 4618 leviorem
1155 4545 1344 4636 termino,
1369 4546 1408 4617 in
1426 4568 1542 4639 quem
1565 4535 1681 4613 tendit
1695 4526 1757 4603 flui-

445 4630 567 4747 ulum:
601 4638 802 4750 Propusttio
829 4638 1126 4741 fundamentalis,
1152 4668 1259 4741 quam
1278 4644 1491 4740 promittit,
1520 4629 1757 4715 hacestmsin

462 4732 653 4815 ttlattvam
681 4734 783 4810 fltudi
810 4762 937 4825 contra
962 4739 1248 4845 hemispherium
1275 4746 1377 4841 globi
1402 4739 1575 4840 superius
1603 4733 1761 4833 majorem

1664 4828 1726 4907 esse
