3650 5459
332 236 829 373 Sufettili
906 239 1135 379 Tom.1.'
1215 282 1314 411 '44'1

58 481 301 568 &tunionem
330 481 520 557 notionem
546 479 743 561 habentes.
776 478 857 557 Nili
882 483 982 559 enim
1018 484 1097 565 deri
1122 490 1228 590 poffit
1263 493 1380 590 raris,
1404 518 1496 589 m,
1515 516 1546 593 γ,-

56 613 141 673 ens.
157 584 394 686 predicatum
424 580 582 677 snbjedlo
608 580 823 671 conveniat,
851 583 909 656 vel
936 582 1207 683 disconveniat,
1233 596 1378 672 ratioci-
1401 600 1443 663 N·
1459 603 1499 667 Su
1554 647 1568 670 .

56 689 235 784 nubimus
264 683 356 759 citra
381 682 578 763 rationem.
604 680 719 795 Qud
741 680 889 783 quidtnt
915 681 1038 759 &usui
1066 690 1167 765 vocis
1192 694 1229 765 δι
1247 695 1300 771 rei
1316 695 1381 799 ipfi
1399 680 1477 847 ἓξὲξ·
1491 602 1554 841 7le

59 816 101 865 re
176 809 268 861 nat.
550 846 554 851 .
680 817 686 834 ⁴
1461 799 1472 824 ⁶
1531 800 1541 825 ·

99 814 200 983 llil.
232 890 349 976 Sunt,
374 883 436 985 qui
455 880 687 973 existimant,
712 882 803 961 leuc
814 883 1130 967 ratiocinationem
1160 892 1200 967 in
1218 892 1380 977 solasub·

59 988 251 1070 sumtione
278 986 443 1062 invenire
469 984 588 1058 locum
604 1016 617 1058 .·
641 987 709 1061 Pet
720 986 978 1081 [ressontium
1005 988 1241 1089 intelligimus
1267 1000 1378 1100 vulgo

64 1088 353 1191 applicationem
382 1082 635 1186 propositionis
661 1078 941 1159 universalis'ad
969 1089 1220 1187 particularem
1248 1096 1284 1171 ἀ
1313 1098 1382 1177 sin.

58 1192 248 1296 gularem.
277 1186 438 1275 Verum,
464 1182 674 1285 fimulatque
700 1208 774 1257 vox
793 1185 1030 1280 subfumrirnis
1055 1188 1291 1284 insumitur,
1317 1222 1379 1273 ex.

60 1286 251 1389 perientiae
278 1282 342 1385 ips
361 1283 443 1357 -itur
457 1281 607 1395 obviam
634 1336 644 1356 .
679 1284 774 1374 Quis
800 1283 897 1357 enim
926 1284 1103 1399 ignorat,
1129 1289 1206 1366 dari
1260 1318 1378 1395 unque

59 1387 324 1489 syllogismos,
350 1382 534 1482 inquibus
560 1381 791 1461 conclusuri.
807 1383 999 1461 universali
1022 1386 1099 1465 due
1117 1316 1377 1491 propodriooes

60 1489 359 1590 premittuntur,
385 1483 467 1557 loco
493 1481 665 1573 rationis,
692 1481 928 1559 universales?
1228 1533 1250 1569 ,ι
1357 1549 1361 1557 ,

108 1593 139 1679 §.
155 1590 233 1661 111.
260 1583 504 1669 Demrellrrtir
534 1581 698 1681 equidem
726 1582 832 1683 latiur
854 1604 983 1679 peret,
1009 1614 1111 1685 quere
1137 1591 1373 1671 ratiocinaris.

59 1683 341 1763 Demonslratio
375 1682 470 1757 enim
499 1679 547 1756 esl
574 1682 780 1770 indicium,
812 1707 889 1781 quo
914 1684 1108 1762 innotescit
1142 1689 1276 1765 veritas
1311 1696 1372 1768 vel

57 1786 198 1862 salsitas
227 1780 499 1884 propositionis.
536 1780 715 1855 Iudicium
743 1780 832 1857 illud
858 1780 991 1859 nititur
1025 1811 1120 1863 nuuc
1148 1791 1371 1889 experientia

57 1884 247 1989 propria,
270 1908 357 1957 nune
383 1880 615 1971 testimonio,
637 1879 696 1954 seu
724 1880 946 1980 experientia
972 1882 1109 1977 aliene,
1136 1912 1231 1963 nunc
1259 1890 1373 1965 ratio·

57 1984 283 2073 cinctione,
316 2008 409 2056 nunc
445 1980 708 2072 smilitudioe,
741 2004 836 2055 nunc
861 1982 1084 2060 identittte.
1119 1986 1370 2069 Ratiocinatio

59 2084 217 2187 proinde
235 2083 282 2157 esl
296 2080 614 2157 demonstrationis
637 2078 789 2182 species.
815 2082 874 2161 nd
891 2083 1121 2160 identitatem
1149 2086 1368 2167 reseroltaece

56 2193 266 2280 ’.Η-339,
297 2188 521 2255 10-822.
548 2186 631 2255 Huc
655 2206 798 2357 quoque
816 2181 998 2277 pertinent
1018 2184 1295 2287 Philologorum
1314 2188 1370 2285 sy·

59 2308 240 2379 nonyma.
268 2283 330 2358 Ad
357 2280 618 2381 equalitatem,
641 2278 700 2355 seu
754 2281 1026 2375 militudinem,
1055 2285 1174 2361 resero
1189 2286 1370 2365 habitudi-

61 2408 116 2459 nes
140 2386 288 2461 easdem
323 2382 640 2457 denominatorum
678 2382 721 2456 ad
748 2406 995 2457 numeratores
1021 2383 1100 2459 suos
1135 2385 1173 2459 in
1201 2388 1369 2467 doslrioa

63 2482 302 2560 strilionum.
328 2484 387 2557 lto
415 2479 743 2578 proportionalibus
768 2480 891 2553 eadem
919 2480 1129 2554 dominatur
1154 2482 1285 2579 species
1310 2488 1371 2561 tle·

63 2581 352 2661 monstrationis.
379 2577 519 2651 Similia
530 2576 629 2650 sunt:
658 2582 701 2669 ξ,
715 2576 760 2673 ξ,
775 2582 825 2675 ἦ.
854 2576 994 2651 Similia
1013 2578 1093 2653 sunt
1119 2606 1132 2651 ι
1147 2612 1156 2656 s
1171 2607 1190 2675 3
1205 2612 1238 2655 =
1255 2590 1296 2656 8:
1312 2592 1371 2657 ιδ.

66 2682 141 2757 item
168 2686 434 2773 ¹³⁶²‘3218-
462 2678 554 2749 ltem
577 2683 829 2771 3:121826.
852 2678 946 2751 Item
967 2684 1214 2773 6:131823.
1241 2682 1369 2781 objici

66 2782 198 2881 quidem
259 2777 371 2865 otest,
400 2798 567 2875 quartum
596 2800 807 2866 numerum,
834 2777 892 2849 vel
909 2772 1017 2851 alium
1046 2781 1222 2874 quendam
1238 2782 1388 2880 inpro-¹

64 2808 325 2995 portionallbus
352 2872 512 2949 inveniti
541 2874 576 2945 dt
604 2872 691 2974 poni
718 2873 766 2947 ob
792 2874 1003 2965 rationem,
1036 2900 1112 2974 qun
1139 2880 1370 2973 contineatur

66 3004 95 3051 sn
110 2983 201 3071 daris
221 2974 385 3054 numeris
405 2975 518 3047 tribus
542 2973 602 3047 vel
622 2972 804 3071 pluribus.
834 2976 992 3065 Verum,
1018 2998 1057 3049 ut
1083 2976 1238 3075 primum
1268 3002 1370 3077 regu·

64 3078 98 3154 le
122 3078 405 3182 proportionum
434 3073 694 3163 discretarum,
729 3074 806 3147 imo
832 3073 1117 3167 continuarum,
1144 3076 1198 3151 ad
1213 3075 1369 3176 speeiem

62 3176 278 3254 fractionum
308 3196 547 3265 revocantur,
574 3196 650 3245 tum
679 3171 873 3247 innotescit
898 3198 1024 3247 eorum
1054 3170 1368 3272 fundamentum,

62 3280 163 3375 quod
191 3278 323 3351 insola
350 3271 504 3349 consullit
532 3272 763 3347 fimilitudioe
789 3272 1106 3348 denominatorum
1132 3276 1175 3349 ad
1203 3298 1370 3353 numera·

62 3396 174 3449 tores.
201 3377 240 3449 Si
259 3400 328 3451 tres
353 3372 547 3448 srasliones
575 3372 640 3448 fint
655 3371 840 3472 propositae
866 3372 903 3446 in
925 3375 1046 3475 regula
1064 3376 1366 3475 proportionum,

64 3498 245 3577 utquarta
269 3472 467 3549 innotescat
492 3471 651 3557 srasliot
678 3496 755 3544 tum
782 3470 939 3561 stellio,
965 3471 1157 3548 divisorem
1179 3476 1366 3577 represen-

67 3594 158 3667 tans,
187 3576 405 3664 invertitur,
431 3596 472 3647 ac
500 3571 786 3671 multiplicantur
812 3569 940 3669 singuli
958 3580 1223 3665 numeratores,
1250 3574 1364 3675 singu·

66 3670 153 3773 lique
181 3676 492 3750 denominatores.
519 3674 562 3746 ln
579 3670 729 3770 integris
756 3667 932 3743 terminus
956 3668 1125 3745 secundus
1143 3668 1185 3745 sit
1203 3676 1366 3751 denomi-

67 3794 164 3849 nator
191 3774 334 3851 numeri
361 3774 491 3874 primi,
518 3772 761 3870 terminusque
789 3771 916 3842 tertius
943 3766 984 3843 sit
1004 3796 1212 3847 numerator
1239 3775 1364 3850 termi-

68 3872 107 3943 ni
122 3878 308 3972 querendi
334 3874 472 3975 quarti.
499 3876 558 3947 Eo
586 3870 661 3970 ipso
691 3868 859 3968 patescit,
881 3869 1113 3947 identitatem
1131 3872 1198 3947 esse
1216 3899 1365 3974 propot-

69 3969 172 4047 rionis
195 3976 501 4066 fundamentum,
535 3970 712 4071 adquam
740 3969 806 4057 id,
840 3970 937 4067 quod
965 3969 1141 4046 diversum
1179 3996 1324 4072 apparet
1352 4023 1365 4062 ,

69 4064 162 4147 facilc
178 4077 377 4152 reducitur.
403 4075 441 4150 si
458 4072 586 4172 quibus
601 4073 733 4170 volupe
749 4068 825 4157 ell,
852 4068 1192 4145 demonstrationem
1210 4095 1289 4146 cum
1310 4094 1364 4147 ta·

68 4166 294 4251 tiocinatione
320 4173 568 4263 confundere,
603 4174 638 4244 dt
668 4168 905 4266 permiscere,
935 4169 1001 4261 hi,
1027 4172 1189 4270 opinor,
1224 4194 1362 4245 novum

67 4272 339 4353 architeslantur
366 4275 624 4349 vocabulorum
654 4272 772 4347 usum.
799 4269 839 4343 Si
856 4266 984 4369 singuli
1004 4272 1211 4345 mortalium
1232 4296 1361 4371 porro,

69 4374 204 4452 eandem
230 4378 293 4452 fibi
321 4398 442 4476 patere
468 4374 678 4461 licentiam,
705 4370 993 4462 arbitrabuntur,
1021 4370 1120 4445 brevi
1138 4396 1181 4443 eo
1210 4369 1365 4444 miserim
1380 4386 1450 4477 ᾖε,
1470 4392 1523 4475 76,

67 4478 327 4566 perveniemus,
355 4497 394 4547 ut
423 4474 514 4547 alter
540 4470 689 4547 alterius
714 4471 873 4570 cogitata
899 4472 1030 4573 assequi
1060 4498 1131 4546 non
1153 4470 1281 4568 possut,
1309 4468 1364 4541 ni·

67 4564 171 4745 ¹stqlro
197 4577 341 4677 singulis
368 4570 478 4648 erslet
505 4572 594 4647 liber
622 4574 975 4648 nomenclaturarum
1003 4570 1218 4649 &Lexicon
1245 4567 1364 4666 pltilog

80 4689 118 4770 ΟΡ
141 4700 256 4752 tcum.
1357 4708 1362 4721 ·

149 4778 243 4853 Tum.
255 4783 330 4854 Vll.
884 4774 986 4843 Kltlt
1194 4768 1224 4859 §
1240 4770 1306 4845 IV.
