3650 5459
510 289 605 398 ‘612
780 281 1069 388 Nova
1151 255 1563 378 Acrufl'

1794 383 1798 442 l

262 515 489 601 ffiflfflaffo.
507 503 711 591 Bernoulli,
737 497 852 586 filius,
880 497 1004 602 inea,
1030 513 1137 592 quam
1165 485 1224 560 hic
1251 461 1490 602 erediderunt,
1515 481 1760 600 Did-'matio-

263 615 421 690 Andm·
444 635 509 699 ue,
536 631 641 705 atque
667 624 741 676 tam
769 593 1046 671 feliciluccellu
1075 611 1155 664 rem·
1177 587 1381 702 expedivit,
1409 603 1450 656 ut
1470 607 1669 696 premium
1699 591 1756 692 ipfi

261 694 309 753 Μ·
329 690 422 756 ΜΨ·
443 709 488 785 ab
506 702 701 782 Acndemia
726 697 837 772 fuerit
864 697 1072 768 decretum‘·
1108 691 1278 801 Qum?
1305 683 1420 772 sunt,
1455 681 1590 782 limbi¹⁸
1617 711 1758 772 motu

263 767 384 840 pm
443 809 619 882 uirtutem
647 800 746 874 Clar.
767 803 890 871 Autor
916 790 1051 867 absolvi
1079 785 1283 875 exillrmae',
1311 783 1497 896 primum,
1516 803 1559 858 ut
1586 809 1631 862 ea
1659 787 1757 868 fucil-
1794 785 1798 868 Ι

395 942 400 984 ι
442 908 530 980 lime
558 901 666 990 fidat,
695 899 870 986 alterum,
897 918 935 967 ιιι
963 885 1161 964 firmissime
1179 883 1365 972 l'ubfillat,
1392 902 1568 973 tertuum,
1596 909 1756 990 utquam

445 1002 657 1078 difficillime
685 1019 893 1096 rumpatur,
920 1009 1112 1091 quartum,
1139 981 1424 1095 utomuietiam·
1441 977 1753 1090 inflexioniquan
1796 999 1798 1006 ’

445 1102 600 1177 maxime
628 1096 789 1181 resistat3
816 1097 872 1184 dr,
899 1091 998 1186 eujus
1024 1111 1159 1160 ancorae
1186 1082 1301 1186 figura
1329 1095 1486 1156 merente
1512 1081 1557 1155 sit
1585 1084 1752 1184 idonea,

430 1221 522 1301 φιτ
550 1199 619 1274 haec
646 1219 799 1296 quatuor
827 1217 896 1265 una
923 1190 1092 1287 impetret
1114 1221 1130 1275 ,·
1151 1207 1229 1258 eam
1257 1183 1397 1282 optima
1422 1177 1539 1279 figure
1567 1187 1748 1282 proditam

445 1303 539 1390 elle,
567 1298 727 1391 judicat.
757 1293 817 1366 Ad
845 1291 903 1381 id,
931 1311 970 1362 ut
998 1309 1128 1361 ancora
1153 1281 1327 1386 facillime
1342 1279 1441 1357 lidae
1463 1333 1474 1370 ,
1499 1284 1661 1382 requirit
1675 1291 1747 1390 qui-

448 1403 528 1477 dem
557 1421 639 1472 ante
667 1392 810 1480 omnia,
838 1414 905 1475 ut,
933 1387 1032 1462 limul
1060 1409 1099 1459 ac
1126 1381 1220 1482 jueta
1247 1375 1538 1460 fundum-murlo
1561 1383 1743 1488 attingit,

443 1498 655 1599 cuspidum,
681 1491 851 1567 extremis
878 1486 1039 1561 dentium
1070 1508 1207 1558 ancora
1235 1481 1445 1573 affixarum,
1472 1481 1589 1556 altera
1615 1482 1653 1559 in
1672 1485 1743 1563 sun-

444 1601 530 1674 dum
560 1596 668 1669 maris
695 1613 889 1694 penetret3
918 1586 954 1660 id
981 1583 1076 1686 quod
1106 1607 1220 1683 neque
1247 1581 1416 1680 semper,
1443 1603 1561 1680 neque
1586 1580 1738 1662 inomni

447 1719 585 1774 ancorae
613 1693 676 1766 litu
704 1719 730 1765 ae
759 1713 800 1762 ue
827 1687 953 1778 facile,
980 1681 1189 1782 contingere
1217 1679 1379 1758 coastat.
1408 1683 1498 1774 Quo
1516 1694 1636 1757 temen
1657 1709 1737 1760 ton·

445 1797 524 1871 silio
552 1792 644 1866 effici
674 1712 808 1890 polite,
843 1809 882 1860 ut
911 1785 1071 1860 dentium
1101 1783 1190 1855 alter
1218 1779 1335 1856 llat'im
1364 1805 1408 1854 eo
1441 1781 1480 1853 in
1509 1777 1578 1854 fitu
1604 1781 1733 1860 fundum

446 1897 632 1992 attingat,
658 1891 719 1991 qui
748 1890 790 1962 ad
818 1885 995 1984 cuspidem
1022 1878 1239 1981 infigendam
1268 1880 1425 1974 maxime
1452 1877 1603 1955 idoneus
1619 1883 1682 1975 lit,
1703 1883 1733 1960 id

444 1995 506 2067 hic
535 1996 662 2066 docere
690 1993 762 2062 non
791 1985 838 2058 eil
866 1981 990 2059 ausus.
1019 1981 1116 2070 Sed,
1144 1979 1210 2053 ubi·
1231 1979 1336 2053 semel
1363 1979 1399 2052 in
1429 2003 1564 2053 terram
1594 2004 1731 2079 penetre-

444 2093 504 2165 vit
533 2115 685 2176 ancora,
712 2083 967 2184 dispiciendum
998 2103 1165 2182 praeterea
1183 2077 1259 2169 est,
1278 2105 1347 2178 qua
1367 2079 1507 2152 ratione
1527 2079 1731 2176 profundius,

449 2213 621 2285 tantaque
644 2187 703 2274 ui,
730 2209 861 2298 quauta
889 2179 968 2274 fieri
999 2177 1132 2278 potell,
1160 2179 1196 2252 in
1226 2205 1266 2252 ea
1293 2177 1399 2278 poffit
1427 2175 1558 2278 deligi,
1584 2182 1660 2256 dum
1683 2185 1730 2258 ιιι-
1794 2193 1798 2214 “

437 2289 506 2362 'vis
533 2307 666 2373 vento,
692 2309 775 2384 qut,
803 2282 891 2354 velis
920 2281 1018 2353 licem
1035 2277 1249 2366 contractis,
1278 2277 1424 2363 eandem
1444 2279 1615 2353 contiuuo
1626 2305 1728 2384 urget,

445 2409 508 2464 aut
535 2384 702 2459 fludibur
729 2381 859 2469 etiam,
888 2380 1117 2479 impellitur.
1143 2380 1202 2454 Ad
1233 2379 1266 2451 id
1296 2401 1414 2452 autem
1443 2377 1562 2478 primo
1582 2377 1662 2454 facit
1683 2381 1728 2481 ip-

446 2488 525 2565 sum
554 2507 692 2561 ancora
721 2481 888 2596 pondus,
925 2505 998 2580 quo
1024 2505 1064 2594 pa
1091 2503 1284 2594 uentorum
1312 2477 1534 2594 liudi-utimum
1557 2477 1591 2550 iit
1614 2501 1727 2554 nauem

445 2580 1254 2778 ppnnpuplppdpelpffptibesstppdqpptpoqedqutptgp
1271 2577 1724 2776 lppgpttuplpfipppppae‘sspppae

446 2776 639 2867 secuudum
668 2779 899 2855 latitudinem
930 2777 1030 2853 nauis
1056 2777 1399 2879 sua,·expetientite
1417 2777 1540 2851 &usui
1563 2792 1727 2853 nautarum

448 2878 739 2980 convenienter,
757 2879 1062 2962 determinantur.
1090 2877 1257 2984 Deinde,
1286 2903 1413 2978 praeter
1440 2905 1573 2976 ancora
1589 2876 1728 2978 pondus,

447 2981 518 3055 huc
546 2979 654 3055 etiam
682 2979 770 3054 facit
798 2981 941 3081 anguli,
969 2979 1029 3056 sub
1056 3003 1127 3080 quo
1143 2977 1256 3080 cuspis
1272 2977 1422 3058 fundum
1448 2979 1729 3080 maritattiuqit,

448 3079 674 3179 obliquitas,
703 3101 827 3175 utpote
854 3105 930 3175 qua
958 3081 994 3151 in
1014 3081 1113 3155 causa
1141 3105 1282 3181 quoque
1302 3080 1383 3171 est,
1417 3105 1480 3168 ut,
1514 3103 1583 3174 quo
1608 3075 1732 3150 fortius

447 3179 550 3256 navis
579 3176 808 3275 impellitur,
829 3187 879 3246 'eo
905 3176 1122 3270 profundius'
1140 3205 1271 3250 ancora
1291 3179 1339 3270 ἶἱιι
1361 3205 1455 3248 tetra
1476 3174 1582 3273 pofllt
1600 3173 1729 3276 deligi.

445 3285 498 3352 Ut
526 3278 650 3370 itaque
676 3271 819 3348 Clarise.
848 3276 971 3350 Autot
997 3273 1236 3372 quantitatem
1266 3277 1387 3376 anguli
1414 3275 1506 3352 illius
1529 3275 1729 3348 determina.-

264 3408 335 3488 vag.
362 3423 428 3484 ω,
453 3398 539 3463 ιιι,
574 3370 636 3442 iub
662 3393 736 3468 quo
763 3369 861 3446 deriti
889 3371 952 3446 luo
979 3371 1387 3476 afferruminata·culpis
1411 3399 1512 3474 quarn
1538 3369 1730 3462 facillime,

451 3495 560 3574 quam
589 3467 879 3568 profundisfime,
907 3475 942 3545 δι
961 3498 1067 3574 quam
1098 3475 1332 3566 maximati,
1359 3473 1470 3574 potest
1498 3473 1531 3545 in
1549 3469 1728 3546 terradell-

446 3575 482 3675 gi
506 3567 715 3669 3'quaes1vit
752 3573 871 3670 primo
898 3572 1147 3646 universaliter
1174 3575 1279 3664 vim',
1313 3601 1389 3674 quae
1416 3576 1459 3648 ad
1485 3571 1647 3671 cuspidem
1669 3569 1731 3643 sub

446 3669 578 3768 angulo
603 3667 733 3767 quotis
761 3671 926 3746 variabili
951 3695 1049 3746 terrae
1079 3671 1294 3771 infigendum
1316 3671 1561 3771 impenditur,
1584 3670 1734 3746 hunede-

445 3771 530 3842 inde
556 3766 631 3840 vim
660 3771 801 3842 maximo
829 3769 947 3867 poluit
965 3771 1161 3869 aequalem,
1189 3799 1261 3871 quo
1280 3772 1407 3861 ladio,
1436 3770 1558 3846 {latim
1583 3767 1737 3858 ineeuir,

444 3867 557 3960 smum
586 3863 707 3961 anguli
734 3867 867 3965 quoliti
895 3866 1027 3950 cofinui
1056 3867 1119 3942 suo
1144 3873 1335 3970 equalem,
1361 3871 1522 3968 ideoque
1539 3868 1738 3969 iplumhuuc

445 3965 615 4065 angulum
644 3963 868 4041 semiredlum
890 3969 983 4040 elle.
1019 3970 1210 4067 Supposuit
1238 3973 1273 4042 in
1303 3969 1369 4042 hac
1395 3967 1583 4042 solutione
1609 3967 1741 4044 fundunt

444 4061 554 4138 maris
582 4062 875 4158 horizontalem,
901 4090 977 4139 tum
1006 4074 1101 4166 quod
1122 4065 1285 4166 plurimis
1313 4071 1349 4142 in
1378 4068 1468 4142 locis
1502 4069 1586 4144 talis
1613 4069 1677 4144 elle
1698 4067 1764 4140 lu

341 4205 345 4208 -
441 4166 516 4252 let,
543 4185 620 4234 tum
649 4165 743 4258 quod
772 4167 860 4240 alius
888 4165 950 4263 ipsi
970 4163 1051 4238 situs
1076 4193 1157 4240 curn
1177 4169 1317 4242 ratione
1337 4167 1549 4242 sufficiente
1571 4169 1678 4246 tribui
1696 4193 1743 4240 ut·

439 4260 542 4362 quit.
569 4261 762 4357 Supposuit
787 4265 896 4337 etiam
916 4263 1150 4339 directionem
1172 4267 1308 4367 virga,
1335 4265 1472 4364 ipsique
1494 4269 1640 4368 alligtti
1656 4292 1744 4343 anco·

421 4359 546 4448 ralis,
573 4356 760 4436 horizonti
772 4363 995 4460 parallelum,
1022 4367 1117 4461 quod
1137 4366 1280 4463 quidem
1310 4366 1434 4440 exiere
1455 4363 1747 4455 veromandui,

443 4483 509 4558 pto
531 4483 622 4530 vero
643 4468 761 4535 tamen
790 4461 925 4558 poterit
951 4459 1070 4536 haberi
1093 4517 1103 4554 ,
1132 4466 1155 4536 [ι
1174 4465 1338 4538 ancorale
1366 4463 1451 4546 satis
1475 4469 1693 4556 extensum,
1715 4465 1746 4536 δὲ

441 4559 481 4632 in
504 4558 681 4632 relatione
706 4561 749 4634 ad
767 4559 882 4632 marie
901 4559 1181 4656 profunditatem
1209 4561 1292 4636 satis
1308 4563 1460 4662 longum
1482 4564 1624 4642 fue-eit.
1649 4568 1752 4649 Hinc,

446 4681 550 4749 oum,
576 4657 613 4728 δι
631 4658 678 4731 ob
695 4658 827 4757 dicium
847 4660 1025 4740 tationem
1037 4715 1049 4755 ,
1075 4661 1416 4774 &obiviuce'ndutp
1438 4661 1633 4748 finanum
1653 4665 1752 4746 uenti·

1657 4791 1720 4869 que
