3650 5459
503 290 603 402 '620
706 398 713 410 ,
764 287 824 392 Ν
871 320 982 406 ον
1023 317 1073 384 n·
1136 283 1258 384 -Ae
1299 311 1433 402 blf-l.

252 510 681 594 anamnelauicoium=
712 504 943 604 similiterque
972 504 1009 578 in
1029 499 1185 576 motibus
1212 494 1407 574 fluidorum
1434 516 1583 596 partem
1604 491 1757 599 adsmnq'
1793 525 1796 592 i

251 612 485 695 dn·173l?·sus
511 608 718 708 potentialis
755 605 936 679 interdum
965 601 1088 702 perdi.
1127 596 1186 672 Ad
1211 596 1308 696 quod
1345 597 1415 671 rite
1444 600 1667 672 attendenti
1698 606 1752 680 sibi
1794 621 1796 676 l

252 687 410 762 M·M²j¹·
432 712 545 786 multa
579 711 622 781 de
648 731 817 807 aquarum
842 702 943 777 fluxu
970 699 1193 776 theoremata
1222 723 1316 772 nova
1352 696 1390 770 iii
1421 721 1586 772 mentem
1616 705 1752 782 venisse

311 883 316 892 ,
431 811 503 899 ait,
528 833 605 907 qua
621 804 685 878 uix
704 803 773 878 ulla
800 803 869 879 alia
885 801 1056 876 methodo
1073 795 1270 898 excogitari
1295 821 1334 869 ae
1352 795 1594 872 demonstrati
1616 805 1750 899 potuis·
1794 827 1796 894 ἶ

432 907 538 982 sent.
573 910 702 980 Ptaeter
730 902 940 1003 hypothefin
959 954 979 993 ,‚
997 900 1040 974 de
1055 925 1125 998 qiia
1152 897 1333 993 diximus,
1358 896 1491 974 duabus
1520 901 1647 976 adhuc
1671 905 1750 985 aliis
1794 935 1796 1010 q

433 1005 572 1096 utitur,
599 1031 672 1078 non
690 1003 760 1078 illis
779 1003 923 1103 quidem
943 999 1047 1076 nouis
1073 1051 1084 1086 ,
1110 997 1168 1070 sed
1187 997 1315 1072 talibus
1334 1023 1485 1089 tamen,
1514 1027 1607 1099 quas
1636 1033 1654 1078 a
1674 1005 1746 1105 qui-
1794 1011 1796 1060 l

433 1104 578 1182 busdam
605 1104 807 1178 indubium
834 1097 1150 1175 vocari-constat:
1187 1123 1347 1194 nempe,
1376 1123 1517 1173 motum
1545 1099 1741 1186 fluidorum
1794 1127 1796 1198 l

434 1208 544 1280 talem
563 1230 669 1303 quam
693 1203 857 1302 proxime
875 1201 965 1289 else,
993 1224 1032 1273 ut
1050 1197 1178 1298 ubique
1206 1199 1377 1272 velocitas
1395 1199 1582 1297 reciproce
1601 1202 1646 1276 sit
1666 1232 1740 1302 pto·

433 1301 649 1405 portionalis
677 1299 906 1400 amplitudini
934 1299 1021 1374 vasis
1039 1296 1296 1396 respondenti,
1327 1297 1360 1370 8<
1390 1299 1587 1395 particulas
1617 1301 1736 1382 fluido·
1795 1353 1796 1356 =

433 1402 717 1502 runa'perpetuo
743 1400 899 1498 quodam
920 1422 1020 1475 motu
1037 1395 1206 1496 intestino
1223 1396 1370 1496 agitari.
1396 1401 1464 1475 Sed
1482 1399 1527 1474 ad
1548 1401 1662 1500 ipsam
1675 1431 1737 1482 tra.

433 1503 632 1578 nationem
649 1501 732 1590 Viti
759 1499 951 1572 dosiill'imi
974 1523 1068 1574 nune
1087 1501 1232 1597 propius
1249 1499 1485 1598 accedendum
1506 1499 1592 1598 est...
1606 1505 1732 1585 Divisi

430 1609 538 1702 Opus
555 1623 674 1675 totum
694 1602 730 1673 in
747 1603 843 1673 Xlll
855 1598 1032 1672 Stilionem
1058 1599 1193 1690 Prima,
1211 1624 1287 1699 qua
1305 1599 1477 1673 introitus
1495 1601 1647 1696 dicitur,
1672 1633 1732 1684 va-

433 1703 495 1786 rii:
516 1699 680 1775 continet
708 1700 963 1799 praenotanda.
998 1701 1116 1771 Altera
1145 1697 1235 1798 agit,
1256 1698 1297 1772 de
1324 1697 1441 1773 fluidis
1467 1700 1726 1800 stagnantibus,

435 1825 633 1899 eorumque
659 1798 860 1899 aequilibrio
878 1824 956 1874 tum
984 1797 1080 1873 inter
1099 1797 1132 1872 se
1154 1851 1164 1888 ,
1193 1820 1268 1872 tum
1288 1798 1330 1875 ad
1349 1801 1433 1875 alias
1454 1806 1634 1899 potentias
1650 1809 1727 1882 tela·

435 1923 495 1974 io.
522 1899 758 1974 Phanomeua
778 1897 1000 1999 hicquedam
1021 1898 1225 1972 tubulorum
1245 1899 1465 1998 capillatium
1484 1903 1603 1978 obiter
1620 1932 1723 1982 neten·

433 2000 557 2077 sentut
576 2032 585 2073 ε
602 2000 649 2072 .&
662 1998 837 2098 denique,
862 1997 1045 2072 occasione
1065 1996 1278 2098 preffionis,
1302 2025 1407 2098 quam
1426 1998 1535 2078 fluida
1563 2003 1599 2078 iu
1626 2007 1722 2082 latera

433 2097 523 2172 vass
539 2122 737 2189 exercent,
763 2097 988 2174 theoremata
1017 2099 1120 2174 varia
1147 2079 1355 2189 adduntur,
1381 2100 1476 2176 eirca
1503 2100 1649 2204 figuram
1672 2134 1718 2182 ve·

432 2199 583 2272 litatum
611 2198 751 2296 liquore
778 2197 1031 2296 impletarum,
1058 2199 1153 2272 cirta
1179 2200 1371 2274 earundem
1400 2205 1580 2298 potentias
1595 2207 1634 2282 ad
1649 2233 1716 2282 ouo

432 2322 473 2370 ra
501 2297 690 2387 elevanda,
717 2295 810 2370 circa
838 2295 1141 2374 constiunionem
1162 2297 1427 2374 &firmitatem
1457 2305 1716 2404 aquedusluuni,

434 2398 472 2469 δι
492 2395 560 2470 alia
579 2395 718 2470 affinia.
747 2399 793 2469 In
812 2397 912 2468 tertia
932 2397 1078 2471 sessione
1104 2399 1148 2474 de
1167 2421 1268 2472 motu
1288 2397 1482 2478 fluidorum
1503 2405 1716 2506 disquiritur,

433 2521 480 2570 ex
500 2495 579 2570 vase
599 2493 848 2570 effluentium.
874 2499 956 2596 Et,
983 2523 1063 2572 tum
1085 2525 1229 2586 omnes,
1261 2499 1323 2599 qui
1343 2499 1513 2578 hadlenus
1539 2506 1576 2580 de
1598 2503 1654 2580 hat
1676 2531 1713 2579 re

433 2619 610 2694 egerunt,
637 2591 754 2670 casum
776 2594 921 2670 unicum
947 2597 1103 2674 maxime
1130 2596 1281 2675 obvium
1309 2601 1625 2696 consideraverint,
1646 2629 1710 2704 quo

433 2693 599 2771 foramen
617 2693 758 2766 tatione
774 2693 1020 2792 amplitudinis
1031 2699 1116 2774 ναῦς
1128 2697 1269 2776 infinite
1280 2727 1430 2800 parvum
1443 2705 1615 2797 censetur,
1628 2705 1713 2777 then-

433 2793 489 2866 ria
509 2793 663 2875 Autoris
690 2817 764 2868 tion
791 2820 916 2893 patum
942 2795 1001 2871 sua
1028 2798 1062 2871 se
1088 2799 1279 2877 latitudine
1307 2805 1564 2897 commendat,
1602 2805 1717 2905 quippe

434 2918 511 2993 quae
536 2893 581 2970 ad
603 2891 815 2991 positionem
835 2891 1025 2971 foraminis
1052 2899 1292 2998 cujuscunque
1308 2902 1579 3003 magnitudinis,
1604 2904 1716 2977 imo&

432 2993 523 3069 uasis
549 2991 791 3093 cujuscunque
819 2990 970 3094 figura,
1006 3000 1239 3079 extenditur.
1278 3000 1359 3076 Post
1388 3001 1528 3078 theoriae
1556 2999 1719 3102 generalis

248 3105 323 3189 Peg·
340 3107 412 3186 ²⁶7·
433 3093 650 3194 specimina,
677 3093 715 3162 in
735 3091 1067 3188 valiseylindricis,
1096 3124 1169 3186 tani
1190 3100 1422 3192 simplicibus,
1443 3124 1541 3196 quain
1559 3101 1620 3188 iis,
1642 3123 1718 3196 quae

433 3195 528 3270 tubis
555 3188 726 3266 instruile
743 3187 846 3279 suot,
874 3185 1089 3274 exhibentur
1118 3194 1358 3286 mutationes,
1383 3221 1454 3298 qua
1479 3198 1521 3270 ab
1545 3197 1647 3271 initio
1659 3195 1720 3270 llu-

429 3321 499 3367 xus
526 3291 719 3373 oriuntur,
745 3287 830 3359 dum
848 3287 952 3361 datus
966 3289 1169 3367 velocitatis
1185 3293 1314 3394 gradus
1332 3295 1534 3396 attingitur.
1561 3301 1626 3386 Et,
1644 3322 1718 3372 tum

434 3388 509 3484 ipsa
537 3379 759 3479 experientia
785 3381 868 3456 satis
893 3386 1043 3480 doceat,
1070 3418 1175 3491 aquas
1203 3422 1263 3493 pet
1281 3391 1479 3485 foramina,
1504 3393 1656 3498 quasunt
1682 3395 1718 3469 iu

433 3482 571 3560 lamina
590 3479 716 3570 tenui,
742 3483 859 3558 multo
878 3485 1013 3561 minori
1023 3493 1249 3590 quantitate,
1264 3497 1351 3572 dato
1365 3521 1547 3596 tempore,
1570 3492 1714 3584 effluere,

434 3608 544 3684 quam
572 3605 616 3653 ex
644 3578 794 3680 simplici
828 3585 1064 3662 velocitatum
1102 3593 1242 3668 tatione
1269 3595 1501 3697 sequeretur,
1538 3595 1623 3697 quod
1644 3618 1718 3667 con·

433 3679 606 3756 traslioni
637 3705 734 3753 venae
762 3673 940 3758 effluentis
968 3687 1236 3770 adscribendum
1257 3694 1334 3786 est,
1361 3693 1446 3770 hinc
1474 3697 1512 3771 in
1543 3717 1654 3794 quoire
1673 3697 1723 3764 Se·

433 3779 538 3854 triam
564 3780 608 3855 de
625 3779 691 3854 hac
718 3780 791 3880 ipsa
807 3809 844 3855 re
872 3783 1007 3860 disserit
1025 3794 1167 3884 Autor,
1192 3795 1415 3895 calculosque
1432 3796 1648 3892 analyticos,
1670 3817 1724 3892 pro

430 3879 660 3956 inveniendis
681 3881 791 3956 variis
812 3885 1057 3984 temporibus,
1083 3917 1160 3992 quae
1186 3895 1225 3970 in
1253 3895 1385 3970 effluxu
1413 3923 1591 3997 aquarum
1617 3893 1728 3971 delide·

428 3981 504 4055 tari
527 3982 668 4080 possunt
689 4035 702 4074 ,
729 4007 798 4054 una
819 4009 901 4057 eum
921 3991 1217 4070 annotationibus
1233 3994 1426 4095 physicis,
1460 4025 1504 4072 eo
1539 3992 1731 4101 pertinenti·

431 4079 528 4170 bus,
556 4076 688 4152 affert.
725 4079 769 4153 In
793 4086 910 4176 quinta
937 4084 1085 4164 sessione
1113 4092 1254 4172 theoria
1283 4097 1496 4172 extenditur
1528 4097 1573 4174 ad
1600 4119 1731 4170 examen

427 4203 597 4252 motuum
626 4202 669 4248 ex
688 4179 775 4252 vasis
794 4177 996 4260 constanter
1018 4189 1149 4288 plenis:
1179 4221 1332 4294 quorum
1354 4194 1494 4272 indoles
1522 4198 1563 4274 in
1581 4224 1624 4272 eo
1635 4189 1732 4372 potis·

428 4275 559 4387 hmum
579 4275 757 4371 consistit,
784 4305 823 4354 ut
842 4279 951 4358 fluida
980 4315 1183 4367 emanantia
1212 4295 1324 4396 magis
1343 4291 1531 4396 magisque
1551 4325 1633 4374 acce
1657 4317 1734 4382 ant,

426 4402 493 4467 ac,
520 4374 585 4448 nih
615 4403 675 4475 per
697 4378 920 4478 longiffimos
939 4383 1063 4462 duetus
1079 4386 1271 4485 serantur,
1300 4421 1504 4497 magnoque
1525 4399 1663 4473 lumine
1686 4389 1735 4488 eji-

427 4475 597 4566 ciantur,
623 4475 700 4551 tito
721 4502 874 4577 vergant
902 4485 944 4556 ad
965 4488 1064 4561 illum
1085 4490 1290 4568 velocitatis
1308 4497 1481 4594 gradum,
1511 4499 1580 4599 qui
1610 4495 1675 4570 toti
1695 4493 1736 4564 al·

429 4573 581 4648 titudini
609 4574 809 4672 superficiei
837 4573 938 4654 fluidi
966 4585 1068 4689 supra
1087 4587 1250 4666 foramen
1275 4592 1454 4687 debetur,
1482 4598 1631 4672 tametsi
1651 4617 1740 4680 euni,

425 4672 492 4748 uifi
520 4672 597 4774 poll
624 4697 762 4781 tempus
778 4671 987 4779 infinitum,
1017 4687 1169 4777 omnino
1186 4718 1259 4768 uon
1279 4693 1493 4800 attingant.
1524 4690 1740 4869 Insequenti

1167 4806 1174 4828 ¹
1423 4817 1430 4830 ·
1581 4801 1625 4871 Se
1656 4793 1699 4866 iu·
