3650 5459
316 382 1092 523 Enunrronum
1223 424 1312 583 35

58 610 166 707 Qui
187 602 330 685 ceteris-
349 600 590 683 uct'utatiorcs
616 601 729 695 sunt,
744 656 748 663 ·
761 630 892 703 nomen
912 607 1111 709 lapidum,
1144 636 1243 689 more
1262 617 1385 715 Belga·
1396 634 1570 711 Amore.

78 735 190 801 rum,
218 704 356 784 cellulis
385 724 590 793 annotant,
617 729 637 776 a
664 702 899 805 descriptione
930 696 1104 782 abstinent
1124 765 1135 800 ‚
1157 711 1382 791 'difficultate
1405 718 1453 780 An
1484 736 1571 797 ¹733·

71 808 227 912 repulsr.
255 803 406 883 Etenim
436 823 491 876 tot
519 798 672 973 liparas,
698 825 755 877 tor
782 804 944 879 colorum
972 802 1214 903 differentias,
1242 837 1297 887 tot
1325 842 1383 914 ap·
1405 796 1450 896 ld.
1486 797 1570 899 ¹⁴⁰¹?

80 910 250 1013 perdices
278 902 470 1005 testarum,
497 898 531 981 dr
565 900 661 977 rndle
687 902 805 977 verbis
831 904 1221 1007 congruisexponete,
1247 912 1388 1013 superat

78 1012 176 1093 ‚vites
200 1002 363 1107 vulgaria
381 997 620 1107 Philosophi„
637 999 1210 1119 Difficilipsadhucei,mulriplici
1222 1010 1390 1123 tesla'runt

83 1099 1187 1305 nhil:r‘fllssibrtllblgsj‘zllhlfffil‘tnsln
1204 1108 1389 1307 'sinisii

87 1299 523 1382 testaceorum-historia.
561 1299 857 1401 Multiplicentut
895 1326 1022 1401 prater
1055 1304 1294 1381 necessitatem
1324 1336 1386 1385 en·

84 1406 160 1497 ria,
185 1408 222 1479 δι
250 1400 394 1487 crambe
421 1398 528 1487 toties
555 1399 732 1499 totiesque
752 1400 853 1479 cosia
881 1403 1093 1502 apponitur.
1119 1403 1315 1480 Adhaerenc
1335 1434 1389 1484 re·

82 1506 146 1579 bus
172 1502 256 1581 salsa
273 1499 454 1589 nomina,
480 1522 544 1573 nec
571 1499 640 1572 erit
668 1498 774 1591 judex
801 1502 843 1575 de
871 1500 1059 1577 nominum
1087 1528 1276 1603 rerumque
1302 1531 1388 1582 con-

82 1604 274 1681 uenientia
302 1596 771 1687 &differentialiatuturum
796 1594 1258 1701 Laudosproindedillerr‘,
1284 1609 1389 1678 Rum-

81 1706 182 1801 phr'r',
208 1703 372 1790 Maioris,
397 1699 615 1791 Cbtrlerani,
641 1696 919 1775 &novissimum
929 1700 1052 1797 Longis
1066 1698 1289 1794 institutum,
1314 1730 1389 1806 quo

82 1806 130 1876 de
175 1799 359 1900 generibus
393 1794 624 1873 testaceorum
662 1794 917 1875 constituendis
952 1800 1114 1877 laborate
1150 1800 1383 1901 inceperunt.

81 1900 187 1990 Sed,
213 1923 255 1972 ut
281 1922 399 1973 verum
423 1894 559 1990 fatear,
584 1896 728 1989 listerus
756 1896 902 2011 pingit,
936 1924 1010 1973 non
1039 1897 1177 1972 evolvit
1206 1926 1269 1976 nec
1296 1899 1383 1976 deli·

81 1999 172 2085 nit,
197 1996 342 2095 species,
368 1994 619 2089 Differentia,
654 2022 698 2069 ex
734 1996 850 2099 titulis
877 1998 912 2073 dt
942 1998 1069 2074 rabulis
1096 1998 1346 2101 cognoscendae
1366 2054 1378 2093 ,
1401 2025 1472 2105 1³23.
1492 2042 1565 2101 490·

28 2132 30 2201 ι
73 2096 213 2201 *pa'ffim
241 2094 518 2195 sunt-negativae
537 2151 548 2191 ,
564 2148 569 2157 ·
584 2096 705 2196 passim
733 2094 929 2196 speciales,
955 2097 1142 2204 generibus
1169 2096 1302 2173 srnillte
1320 2122 1382 2175 ‘at-

79 2196 243 2269 tributae.
272 2194 524 2286 lnbucciris,
548 2194 695 2289 neritis,
723 2195 943 2295 peainibus,
971 2202 1095 2297 magna
1109 2188 1285 2274 consufio‘.
1313 2202 1385 2275 Ve-

81 2318 178 2369 teres
194 2298 316 2371 Autor
334 2316 405 2369 non
432 2296 543 2395 legit,
569 2322 632 2371 nec
660 2296 876 2371 recentiores
902 2294 1040 2382 solicite
1066 2298 1256 2390 'contulit3
1294 2300 1383 2375 mul·

83 2416 121 2469 ta
148 2390 427 2485 insufficienter,
455 2398 568 2469 tnultc
595 2392 739 2471 obscure
767 2420 811 2469 ert
838 2396 1168 2497 uerboruminopit
1186 2396 1380 2499 inscripfit.

85 2493 275 2588 Runpbittr
303 2492 540 2567 nimislaxus
566 2493 643 2583 est,
677 2494 741 2565 sun
769 2494 974 2567 colleslioni
1010 2495 1046 2565 dt
1082 2494 1276 2587 instituto,
1311 2522 1384 2597 quo

87 2592 249 2667 animalia
279 2590 440 2681 similit,
468 2592 506 2663 in
544 2588 637 2662 tellis
673 2583 900 2678 habitantia,
933 2590 1259 2691 quomodocunque
1285 2616 1385 2668 com·

88 2692 190 2792 pulit,
218 2690 421 2765 sufficiens.
450 2690 564 2775 Major
589 2684 709 2781 delicit
736 2688 774 2763 in
802 2688 901 2773 rebus
912 2735 931 2775 ‚-
950 2688 1104 2764 abundat
1133 2690 1169 2764 in
1198 2692 1382 2785 terminis,

93 2816 133 2865 ex
146 2785 593 2876 Ranillice-Dichotomia
609 2784 724 2863 [ludio
752 2810 876 2887 praeter
895 2784 1135 2861 necessitatem
1154 2788 1192 2863 in
1211 2790 1387 2865 consulin-

90 2914 163 2966 nem
179 2884 340 2964 thesauri
355 2884 495 2959 testacei
509 2886 706 2987 conceptis.
733 2886 912 2959 Cbarsetrn
922 2939 935 2978 ,
960 2887 1243 2962 nomenclatores
1256 2890 1386 2988 magis,

89 3014 185 3090 quem
199 2988 371 3071 cellarum
392 2984 634 3077 differentias,
661 2984 855 3079 scrutatus,
882 2988 1193 3062 cumAldrovendo
1212 2986 1389 3061 &Randa-

89 3090 158 3163 latit
169 3092 315 3190 ignorat
328 3083 512 3185 pleraque.
533 3088 685 3178 Classes,
702 3084 909 3161 exledlione
928 3082 1287 3187 veterumexpositae,
1314 3086 1390 3185 pas·
1467 3161 1470 3167 ,

86 3188 150 3263 dim
177 3186 396 3276 confluunt,
432 3184 561 3283 pollini¹
583 3183 711 3284 species
737 3184 938 3261 inserendas
955 3185 1147 3259 excludunt
1169 3240 1179 3259 .
1212 3181 1387 3281 Longius‘,

92 3290 313 3381 Teern'rsertii
340 3283 550 3359 methodum
570 3284 780 3359 Boranicanr
807 3282 999 3375 imitatus,
1027 3284 1154 3357 ceteris
1181 3282 1296 3359 rideri
1324 3307 1387 3387 po·

93 3408 190 3461 terat
208 3387 427 3461 accuratior.
455 3382 522 3456 Sed
540 3383 576 3457 in
599 3382 822 3471 definiendo,
850 3382 1118 3473 examinando,
1145 3384 1179 3456 dc
1199 3382 1386 3481 disponen-

92 3486 157 3578 do,
185 3488 292 3561 ualde
310 3484 356 3559 est
374 3484 605 3583 proletarius:
634 3480 846 3555 differentiis
866 3482 1020 3554 obscuris
1039 3533 1052 3571 ,
1078 3482 1283 3582 negativis,
1310 3482 1387 3557 lutr-

92 3611 145 3761 {3
158 3578 1387 3775 lsllnslblrtls'slblbs‘ibllzrz‘tsslsslssllllsbl

97 3781 197 3864 lacit.
227 3786 288 3857 Ex
313 3782 524 3855 animalculo
544 3780 675 3853 Bonani
689 3774 808 3851 tellam
828 3776 983 3865 format,
1009 3778 1173 3869 Rumpbii
1190 3796 1288 3851 textu
1310 3802 1385 3853 non

98 3879 271 3979 inspthio.
298 3881 413 3956 Simili
442 3880 580 3955 incuria
607 3880 642 3953 ὃς
668 3878 705 3953 in
723 3876 883 3949 Kirrberi
893 3874 1024 3950 Museo
1041 3874 1200 3949 versatus
1217 3874 1285 3950 est.
1312 3878 1384 3950 Rc·

97 3978 206 4079 liquos
222 3988 386 4059 Antores
436 4006 515 4055 arce
542 3978 658 4078 legit.
694 3978 818 4049 Taceo
846 3974 972 4049 miram
1000 3974 1192 4075 specierum
1211 3972 1386 4066 confusio-

96 4104 194 4173 nem,
219 4108 297 4183 quae
315 4008 481 4155 inutilem
499 4081 621 4173 langii
647 4076 804 4149 laborem
825 4072 1077 4149 demonstrabit
1092 4073 1294 4177 ¹secundum
1312 4072 1386 4173 ejus

97 4180 229 4257 consilia
249 4180 457 4275 thesaurum
476 4177 662 4251 teslaceutn
682 4171 910 4273 dispositore.
1050 4230 1056 4239 .
1127 4232 1131 4241 .
1190 4271 1193 4275 A
1365 4194 1373 4207 ‘

144 4300 190 4349 tte
213 4284 355 4356 talorum
383 4278 613 4373 drfferenrr'ae)
640 4280 739 4369 Quas
755 4273 878 4347 oculus
895 4270 1158 4372 apprehendit,
1194 4294 1297 4349 mens·
1319 4271 1389 4346 mi·

101 4400 219 4469 ratur,
241 4382 339 4477 pulla
367 4402 490 4452 munus
510 4379 567 4449 vel
594 4374 715 4485 lingua
744 4373 838 4448 ualet
857 4370 1081 4473 exprimere.
1108 4376 1201 4449 Ecce
1230 4372 1387 4447 indicem

95 4478 272 4572 colorum,
299 4476 578 4576 ascriptoribus
605 4472 706 4573 hujus
723 4472 925 4579 argumenti
944 4471 1066 4573 passim
1086 4471 1388 4563 nominatorum,

95 4598 194 4677 quem
220 4579 344 4653 sedulo
370 4574 541 4677 congessit
559 4574 724 4669 Largius.
936 4583 940 4591 '
978 4582 982 4592 '

34 4702 35 4731 ι
137 4684 179 4753 A.
207 4678 410 4771 hebeninos
436 4676 556 4755 color.
585 4672 831 4781 Aru-pidum,
854 4698 961 4787 opus...
986 4676 1112 4745 AEueus
1138 4665 1270 4741 color.
1289 4667 1389 4841 blesis

1245 4786 1287 4839 ru
1313 4792 1339 4843 t-
