3650 5459
500 317 602 420 616
725 305 1043 429 ‚Novr
1126 293 1398 400 Aer-n

248 555 415 626 pam.
431 533 536 608 tinuo
560 549 754 628 nugentur,
780 520 896 597 donec
924 515 1009 592 dens
1030 535 1166 590 ancorae
1184 523 1317 610 ruptus
1334 511 1471 590 fuerit.
1498 513 1635 608 Nam,
1667 526 1769 620 quoi

251 643 313 704 Aa.
326 655 411 714 1739·
432 629 529 705 'niam
549 626 718 729 porentia
731 644 777 720 p,
802 643 890 722 quaa
907 615 1128 693 duaancorae
1145 609 1294 701 ssmiles,
1319 613 1404 687 licet
1416 613 1654 691 diversorum
1669 643 1765 717 pon·

252 719 300 778 M·
317 715 410 777 ΜΨ·
433 732 588 819 derum,
611 723 777 800 sustinere
806 719 979 818 poliunt,
1007 717 1044 789 in
1065 709 1245 810 duplicato
1262 717 1342 825 l‘upt
1362 713 1504 813 ratione
1532 713 1764 818 homologe-

247 795 320 934 ¹12⁸
343 791 409 933 ξ’,
433 855 512 905 rum
533 823 812 909 dimenfionum,
839 815 941 892 extvi
959 839 1074 916 parvae
1092 835 1254 902 ancora,
1277 811 1377 887 dtbio
1397 813 1507 887 modo
1527 813 1764 894 determina·

293 891 325 953 β’
360 887 377 948 3
400 910 407 929 ⁸
435 953 495 1022 ta,
521 925 597 1002 vim
614 920 777 1025 quamuis
799 941 934 1018 maguae
961 914 1130 1013 colligere
1148 911 1288 986 licebit.
1319 910 1446 986 Veluti
1466 911 1489 986 fi
1509 939 1627 1014 parva
1649 941 1761 993 aneo

435 1056 498 1119 ra,
523 1051 599 1126 qua
623 1021 711 1095 tlib.
731 1017 933 1118 ponderet,
960 1016 1096 1110 pondus
1113 1009 1317 1085 sustinuerit
1333 1012 1474 1100 eoolib.
1502 1012 1627 1112 major
1647 1041 1756 1092 anco·

433 1155 494 1216 ra,
515 1133 607 1196 8000
624 1121 685 1195 lib.
703 1120 920 1218 ponderant,
951 1113 1087 1210 pu'ndus
1107 1115 1246 1183 rdoooo
1264 1109 1322 1184 lib.
1343 1109 1564 1185 ¹sustinebit.
1595 1117 1753 1208 Qtanta

435 1249 556 1300 autem
581 1220 619 1292 vi
648 1238 817 1317 urgeatur
838 1236 1000 1302 ancora,
1028 1211 1112 1289 dum
1139 1209 1241 1286 navit
1267 1209 1305 1286 itt
1324 1207 1583 1286 violentiffima
1613 1237 1754 1315 tempe·

434 1321 522 1397 state
541 1317 700 1392 maximo
719 1336 910 1387 ventorum
939 1309 1184 1410 flubiuumqtte
1212 1308 1351 1410 impetu
1377 1310 1559 1408 agitatur,
1587 1311 1625 1388 id
1645 1339 1752 1412 expe·

437 1417 569 1495 tientia
597 1417 699 1489 debet
726 1413 853 1487 docere
880 1464 889 1483 .
917 1409 1088 1510 Denique
1116 1407 1178 1484 sub
1205 1405 1314 1482 finem
1342 1408 1619 1486 Differtatiottis
1636 1413 1749 1490 Scho-

438 1521 526 1593 linm
555 1503 1259 1609 annectitc1,Autor,qu00stendit,
1286 1533 1453 1583 ancoratu
1482 1509 1535 1588 ita
1563 1513 1660 1610 petre
1689 1539 1745 1612 pa·

438 1617 510 1694 rari
525 1622 541 1706 ,⁴
564 1636 627 1703 ut,
652 1611 737 1685 lieet
765 1634 837 1683 non
864 1608 1037 1706 majorem
1068 1604 1224 1684 materiae
1251 1605 1492 1704 quantitatem
1521 1609 1558 1684 in
1577 1611 1608 1684 se
1625 1611 1743 1686 tonti-

438 1739 555 1804 neat‚
593 1711 723 1809 majori
751 1732 870 1780 tamen
898 1707 937 1781 vi
965 1707 1084 1783 valeat
1112 1703 1294 1793 resistere3
1330 1731 1456 1807 nempe
1483 1707 1506 1782 fi
1536 1709 1738 1785 latitudines

437 1813 599 1890 dentium
617 1839 644 1906 z
665 1809 893 1896 minuantur,
921 1805 956 1877 dt
979 1807 1242 1907 profunditates
1269 1827 1283 1877 ι
1310 1831 1537 1908 augeantur,
1565 1833 1734 1885 tatamen

434 1917 536 2019 lege,
564 1935 603 1985 ut
621 1907 791 1984 craffities
818 1904 960 1994 dentis,
989 1905 1058 1980 five
1084 1907 1195 1982 sediio
1221 1903 1294 1994 eius
1311 1927 1387 2004 (t,
1424 1907 1556 2008 ubique
1582 1908 1733 1984 constant

433 2033 596 2090 maneat.
624 2006 760 2083 Caveri
787 2028 909 2079 tamen
937 2005 1064 2097 debet,
1092 2033 1135 2080 ne
1156 2004 1263 2080 nimis
1290 2004 1555 2082 imminuantur
1581 2009 1727 2084 dentium

435 2110 672 2188 latitudines:
710 2103 822 2208 quia,
850 2103 909 2177 ubi
937 2101 1030 2202 justo
1059 2103 1214 2180 minores
1241 2103 1403 2197 luerint,
1438 2107 1543 2181 facile
1571 2109 1726 2198 accidet,

433 2236 473 2284 ιιι
494 2211 580 2284 dens
605 2209 757 2282 interra
784 2201 920 2278 defixus
948 2227 1008 2280 aut
1025 2203 1096 2278 huc
1125 2205 1181 2278 vel
1200 2201 1283 2276 illuc
1302 2229 1404 2279 tetrae
1433 2205 1621 2284 refluentia
1638 2203 1725 2280 infle-

433 2309 575 2397 blatur,
602 2329 663 2381 aut
684 2329 755 2379 oon
774 2301 952 2377 subsistens
969 2304 1007 2378 in
1027 2301 1140 2378 fundo
1161 2301 1268 2378 ruatis
1285 2305 1411 2380 eodem
1432 2307 1542 2382 ruodo
1559 2305 1723 2382 sultutdu·

434 2433 515 2500 cat,
541 2431 614 2512 quo
632 2406 670 2481 in
690 2429 778 2479 arvo
796 2403 939 2480 lacunas
961 2427 1119 2478 aratrum
1139 2427 1286 2480 vomere
1303 2399 1410 2480 facit.

511 2726 1194 2924 retrosus
1290 2813 1668 2952 sotrs,

577 3109 583 3116 .
660 3041 744 3126 Die
781 3067 855 3155 15.
892 3036 1068 3157 Augusti
1101 3041 1533 3133 MDGCXXXVIH..

519 3257 752 3348 Observata
788 3257 956 3342 Vienna
991 3255 1162 3342 Austriae
1196 3251 1286 3373 post
1319 3257 1402 3370 ejus
1435 3254 1623 3350 initium.

764 3379 787 3420 0

395 3529 399 3539 ’
525 3501 628 3580 Ensa
650 3496 833 3575 hodierna
852 3477 963 3574 nubes
984 3523 1129 3574 omnem
1149 3499 1251 3576 nobis
1270 3499 1408 3578 aditum
1427 3499 1471 3576 ad
1496 3499 1713 3603 exipebiatum

553 3601 813 3702 phenoorenon
832 3600 893 3675 diu
911 3597 1172 3698 prpcluseranu
1199 3599 1278 3696 sed,
1296 3599 1407 3678 flaute
1424 3599 1630 3678 occidentali
1644 3625 1720 3676 ren·

429 3726 500 3794 to,
525 3703 587 3775 Sol
614 3701 689 3800 post
704 3699 830 3774 boram
851 3701 1076 3774 undecimam
1104 3701 1261 3800 conspici
1282 3701 1432 3806 potuit,
1461 3701 1497 3774 δι
1518 3701 1723 3776 occidentem

427 3799 548 3876 versus
565 3801 659 3874 ultra
677 3797 831 3896 digitum
850 3796 921 3894 jam
942 3798 1137 3874 deficiens.
1165 3803 1262 3876 Mox
1281 3823 1402 3877 tamen
1422 3799 1492 3874 alia
1511 3799 1721 3876 succedebant

428 3900 577 3976 nubium
596 3897 800 3987 obstacula,
826 3898 954 3998 quibus
982 3900 1086 3999 paulo
1102 3923 1185 3976 ante
1205 3901 1391 3977 meridiem
1423 3897 1501 3974 fere
1519 3900 1665 3994 dilutis,
1688 3897 1722 3974 ad

428 3999 666 4100 spedlaculum
686 3996 851 4071 accedere
868 3997 989 4075 licuit.

248 4143 340 4217 Τὼ.
368 4143 387 4216 Ῑ
453 4103 522 4196 ΙΙιι
539 4096 612 4196 ipsa
639 4097 761 4196 itaque
788 4096 955 4174 consueto
986 4097 1150 4175 meridiei
1177 4099 1430 4176 observatione
1446 4100 1647 4200 quadrante
1662 4095 1721 4172 stro

389 4195 399 4218 ⁶
427 4197 550 4294 (cujus
566 4191 685 4270 radius
705 4197 779 4290 9&
801 4198 906 4272 tubus
925 4199 1122 4298 dioptricut
1149 4225 1193 4273 ιο
1210 4201 1313 4301 ped.)
1343 4199 1575 4302 spebbabatur
1594 4200 1628 4273 in
1646 4221 1723 4272 cam·

425 4325 474 4398 po
490 4294 715 4371 micrometri
741 4297 870 4395 limbus
891 4296 1079 4372 orientalis
1097 4301 1197 4398 Lune
1221 4301 1345 4392 amb,
1382 4299 1506 4378 sectus
1533 4299 1716 4376 occidentt-

425 4399 497 4473 lem
514 4395 608 4472 Solis
632 4394 786 4471 limbum
801 4398 886 4497 areb
901 4395 941 4471 in
959 4397 1075 4473 autb.

244 4241 327 4342 Fig.
339 4271 371 4338 3.
