3650 5459
527 357 617 487 ‚57²
781 317 1070 424 Noun
1152 309 1424 418 Acri

264 557 428 635 nel-Erus.
443 543 679 621 cantilenam.
704 532 864 612 Proinde
891 557 975 622 me,
1001 526 1059 610 cui
1085 527 1216 604 honori
1241 527 1341 619 suit,
1366 523 1462 626 hisce
1490 524 1791 612 observationi-2

263 641 423 734 dit-¹73,sa
444 647 506 720 bus
530 639 661 716 sociam
690 631 921 710 commodare
948 654 1123 741 operam,
1150 653 1225 702 rem
1253 628 1356 700 bonis
1382 617 1551 702 omnibus
1578 617 1685 708 baud
1714 635 1765 718 iu-

263 721 416 796 M.Junn·
470 764 583 818 ratam
610 735 787 810 sessurum
815 731 945 832 spero,
972 728 997 801 fi
1024 750 1201 828 originem
1227 729 1263 800 dt
1289 725 1476 802 salsitatem
1507 731 1672 810 rumoris
1698 761 1760 838 pu·

264 799 338 874 1³³¹*
356 801 383 861 1'
443 772 535 918 stite
560 833 765 920 ostendero,

494 940 544 1013 11.
573 937 661 1010 Non
690 935 822 1024 miror,
849 930 940 1004 hanc
960 901 1185 1002 instrumenti
1204 915 1500 1002 testificationem
1521 929 1755 1014 necessariam

444 1033 578 1115 censeri
606 1063 625 1110 a
653 1030 795 1111 Clariss.
821 1029 954 1122 Βοίβην
980 1029 1015 1100 &
1043 1027 1146 1117 aliis,
1165 1026 1234 1126 qui
1261 1025 1386 1124 justum
1414 1026 1528 1104 ideam
1557 1031 1756 1112 Sessorisa

444 1137 595 1214 nemine
615 1131 730 1208 adbuc
764 1129 964 1228 descripti,
999 1127 1042 1201 ab
1069 1127 1213 1230 organis
1248 1125 1433 1202 tamenin
1463 1125 1587 1203 Gallia
1618 1133 1751 1210 usrratr's

446 1259 528 1308 toro
554 1237 647 1305 roelo
676 1227 891 1319 differentis,
920 1227 979 1300 srbi
1007 1227 1164 1304 sormam
1191 1251 1263 1299 non
1293 1225 1453 1322 possunt.
1476 1228 1626 1304 Etenim
1650 1235 1750 1326 Calli.

441 1361 508 1407 trus
531 1331 773 1405 instrumentis
799 1331 876 1403 usus
893 1326 961 1417 est,
987 1351 1062 1426 quat
1078 1351 1140 1402 aut
1160 1351 1220 1424 per
1239 1348 1377 1422 parter,
1400 1349 1461 1399 aut
1480 1324 1621 1428 integra
1641 1356 1747 1407 trent·

445 1455 610 1528 portata,
636 1454 803 1504 curruum
833 1427 1038 1504 vehementi
1066 1425 1287 1526 quassatione
1306 1419 1409 1498 facile
1426 1426 1542 1498 luxari
1563 1454 1743 1527 poterant.

444 1532 551 1624 Unde
582 1529 673 1624 ipss,
708 1552 746 1602 ut
774 1528 816 1604 de
843 1527 876 1600 se
903 1525 1037 1600 fatetur
1064 1525 1102 1598 in
1129 1531 1252 1626 Opere
1280 1522 1323 1596 de
1349 1529 1424 1619 Frg.
1450 1527 1535 1598 Tell.
1565 1548 1640 1624 pag.
1662 1557 1740 1628 275·

442 1631 526 1704 edit.
552 1630 642 1708 Holl.
671 1627 708 1700 in
736 1653 820 1702 arcu
847 1624 979 1699 coelesli
1014 1623 1287 1704 determinando
1318 1621 1499 1700 distantias
1526 1622 1739 1710 slellarumg

444 1727 581 1803 vertite
610 1752 710 1802 veras
728 1723 935 1826 qutefituro,
961 1749 979 1796 e
997 1747 1035 1796 re
1052 1723 1204 1796 omnino
1228 1721 1316 1810 suit,
1344 1722 1526 1798 sessorem
1541 1713 1637 1798 suurn
1655 1753 1733 1805 too·

262 1819 336 1903 9¹8·
356 1836 425 1900 3¹9·
442 1853 613 1920 vertere,
649 1825 717 1900 hoc
744 1825 823 1914 est,
848 1823 949 1897 limbi
978 1821 1066 1896 sarie
1094 1822 1204 1897 divisa
1232 1822 1478 1912 adorientem
1510 1824 1659 1922 primum
1683 1855 1734 1902 ex·

493 1919 586 2015 sito,
620 1929 654 1997 δ(
683 1927 809 2000 deinde
845 1923 966 1996 eadem
994 1919 1082 1995 facie
1110 1923 1153 1998 ad
1181 1919 1401 1996 occidentem
1437 1921 1631 1999 conversa.
1663 1929 1730 2004 Hac

442 1956 524 2103 saone
552 2025 724 2098 methodo
759 2048 888 2110 error,
924 2045 968 2096 ex
997 2045 1132 2094 mutata
1160 2019 1381 2112 dioptrarum
1411 2021 1585 2120 positione
1609 2049 1731 2118 ortes,

443 2126 580 2224 semper
608 2123 804 2221 detegitur.
834 2121 954 2194 Nobis
979 2146 1087 2210 vero,
1113 2121 1156 2193 de
1183 2119 1383 2194 differentia
1412 2143 1552 2194 tantum
1576 2120 1664 2197 inter
1686 2125 1727 2199 di·

442 2222 587 2311 ssentias
615 2219 716 2296 ssellae
743 2247 763 2296 a
789 2219 954 2310 Zenitb,
988 2219 1025 2294 in
1054 2243 1205 2320 utroque
1239 2221 1368 2320 gradus
1403 2219 1562 2294 termino
1585 2222 1725 2298 observa·

442 2345 517 2413 tas,
543 2319 725 2410 sollicitis,
753 2317 1098 2414 minimeopussuic,
1124 2319 1346 2434 dioptrarum
1367 2319 1494 2409 stunt,
1522 2346 1635 2418 utpote
1651 2349 1722 2396 eun·

442 2425 524 2497 dem
550 2420 688 2512 semper
715 2421 749 2490 dr
778 2418 1018 2508 invariatum,
1045 2419 1201 2492 examini
1230 2416 1418 2518 subjicere.
1448 2420 1554 2492 Nulla
1570 2445 1656 2494 certe
1673 2422 1723 2494 su·

441 2519 557 2618 spicio
583 2517 686 2591 nobis
713 2515 865 2591 suboriri
900 2515 1018 2612 potuit
1047 2519 1088 2590 de
1127 2517 1325 2592 mutatione
1362 2518 1576 2616 dioptratum
1601 2520 1633 2592 in
1656 2519 1718 2594 boe

443 2617 703 2706 instrumento,
731 2615 996 2715 exquifitislime
1022 2617 1197 2690 adornato
1224 2642 1307 2692 tura
1336 2617 1370 2690 dr
1399 2616 1581 2720 sagacitate
1595 2617 1717 2696 clariss.

444 2719 610 2804 Grahami
626 2770 637 2805 ,
673 2716 731 2789 cui
759 2715 991 2796 Alltonomia
1019 2715 1174 2814 ptaslica
1205 2715 1368 2794 subtilior
1396 2717 1497 2791 suum
1524 2719 1616 2792 debet
1637 2715 1718 2791 salli·

440 2813 999 3013 ls‘lns‘tslssns‘sl‘s
1018 2813 1721 3016 s{s“s0{l¹¹l{s,l:”ls’rtsslsslss

868 2967 879 3002 r
1087 2967 1095 2988 ·
1228 2967 1237 2986 ·
1399 2970 1412 3007 a
1676 2999 1682 3008 .

441 3040 574 3090 nexum
600 3013 650 3085 est
679 3011 836 3088 medium
863 3013 992 3104 limbi,
1022 3039 1050 3108 ς.
1077 3013 1207 3112 gradus
1232 3039 1311 3088 cum
1340 3015 1721 3090 dimidioconriueutis.

441 3113 481 3186 in
510 3115 578 3188 hoc
615 3111 808 3211 telescopio
843 3110 979 3186 vitrum
1017 3111 1238 3208 objedlivum
1276 3113 1377 3189 nullo
1408 3112 1509 3186 modo
1534 3141 1552 3185 e
1577 3111 1636 3186 fitu
1660 3113 1720 3186 suo

439 3211 565 3286 divelli
594 3209 705 3304 potest
733 3236 745 3298 3
772 3208 831 3284 fila
858 3234 976 3286 autem
1005 3237 1170 3310 argentea
1199 3212 1349 3326 dioptrae
1373 3212 1546 3306 oculatis,
1571 3238 1611 3287 ne
1635 3213 1718 3287 calo·

438 3335 479 3390 re
507 3312 565 3383 vel
590 3308 723 3407 frigore
757 3308 870 3382 laxari
898 3335 957 3387 aut
986 3307 1124 3408 prorsus
1151 3335 1268 3412 rumpi
1297 3336 1455 3416 queant,
1487 3314 1530 3388 ab
1552 3312 1719 3385 elateribus

438 3405 577 3504 semper
605 3408 701 3484 tensa
726 3432 895 3486 tenentur
920 3460 931 3482 .
958 3411 1159 3498 Praeterea,
1187 3436 1231 3484 ne
1259 3411 1331 3486 ulla
1357 3437 1501 3486 externa
1527 3411 1561 3486 ri
1585 3401 1716 3506 dioptrte

437 3507 658 3607 aelescopicz
686 3507 724 3582 in
754 3505 1035 3607 professionibus
1052 3505 1287 3602 laederentur,
1314 3513 1439 3604 tubus,
1464 3509 1520 3584 cui
1537 3510 1646 3582 limbus
1661 3509 1739 3579 ad·-

439 3603 582 3693 ltteret,
617 3606 766 3683 incilia
794 3608 882 3680 bene
920 3608 1034 3684 clausa
1062 3605 1217 3684 firmiter
1246 3613 1479 3699 reconditur,
1515 3607 1635 3708 navigii
1654 3625 1716 3703 ope

437 3729 504 3801 per
531 3701 680 3776 fluvium
708 3704 989 3795 transferebatur
1014 3698 1262 3798 'sorneusern3
1288 3709 1407 3782 bieme
1434 3735 1524 3784 vero
1550 3701 1719 3782 multolu-

437 3826 501 3876 no.
518 3801 831 3892 circumvolutus,
867 3805 1051 3881 traharum
1080 3809 1180 3885 leuto
1209 3831 1308 3882 motu
1335 3805 1439 3910 super
1468 3811 1568 3881 nives
1591 3801 1719 3879 rebeba·

438 3923 530 3976 tur.
558 3899 639 3972 lmo
665 3899 738 3972 baec
765 3927 846 3980 arra
881 3928 982 3980 tanta
1010 3932 1092 3984 rura
1120 3905 1383 3986 &attentione
1411 3935 1431 3983 a
1462 3910 1567 3984 nobis
1589 3901 1650 3978 suit
1673 3927 1722 3976 cu·

436 3995 589 4087 slodita,
615 4021 655 4071 ut
681 4001 899 4100 lappones,
924 4003 961 4078 in
990 4004 1051 4080 illa
1077 4006 1214 4083 idolum
1241 4007 1418 4110 quoddam
1448 4006 1614 4096 serrari,
1637 3999 1722 4077 facile

435 4095 500 4172 fibi
527 4096 791 4197 persuaderent.
819 4105 944 4194 Quare
970 4103 1102 4194 ctiam,
1128 4107 1478 4182 clarissumarum
1510 4109 1602 4184 banc
1619 4103 1723 4204 probs·

435 4197 576 4284 aionem
604 4199 1039 4298 nunquamrinstituilse,
1071 4205 1216 4280 Clarisr.
1242 4205 1396 4299 coffinus
1429 4205 1539 4296 nobis
1566 4199 1724 4308 persuadet

430 4297 1724 4484 lssrslt,lsssss‘s'llssffislrsss‘rlissl‘sinllsll

430 4517 478 4566 ne
506 4497 798 4591 transportandi.
833 4497 1058 4575 Piratdr'anar
1091 4526 1212 4578 tamen
1240 4432 1510 4579 observatioies
1538 4531 1579 4581 ur
1606 4521 1725 4579 actutr·

429 4589 583 4672 siffioras
607 4591 732 4668 multis
756 4593 917 4671 laudibus
944 4597 1075 4700 ubique
1102 4602 1235 4678 metito
1263 4603 1411 4682 extollit
1430 4605 1609 4700 coffinus.
1635 4587 1727 4676 Cous

1510 4715 1513 4720 ·
1576 4723 1690 4802 rte-2·
