3650 5459
350 296 389 405 S
424 332 458 401 tt
501 328 530 402 r
570 304 598 401 r
639 328 668 401 t
707 308 835 403 tfn.
917 302 1158 417 Tormll.
1244 342 1330 447 541

21 498 41 569 b
78 534 126 609 13
143 561 159 607 ,
174 534 180 543 ·
194 534 241 602 te
258 523 348 613 Aug.
370 538 407 589 ta
429 517 518 587 Dee.
546 514 680 591 diebus.
695 518 882 606 omnibus,
908 546 948 605 ¹4
969 523 1098 598 Martii
1110 550 1287 621 excepto,
1313 529 1403 607 lere.
1421 556 1573 623 mm.

77 616 153 689 nis
190 621 225 689 ἃ
244 612 465 715 tranquillis,
493 618 562 689 ima
583 615 647 705 ηδ
662 643 684 687 o
709 618 769 689 lin.
788 623 904 705 7Dec.
921 625 954 691 S.
965 622 1025 693 W.
1045 650 1124 695 turn
1139 627 1279 720 pluvia,
1305 628 1399 705 ther·
1419 637 1459 699 N.
1478 638 1586 715 Suppl-¹

77 714 277 789 montetri
304 713 457 787 altitudo
475 714 608 789 summa
629 740 664 805 ¹7
683 716 766 801 Jttlii
786 740 864 809 750,
893 720 961 789 ima
988 750 1017 809 ιι
1042 724 1130 795 Dec.
1151 740 1220 799 210.
1250 729 1398 805 Danu„
1418 712 1587 781 Settvttt.

84 816 131 888 δε
165 814 346 987 quusmodi
376 814 658 915 meteorologitae
679 816 959 893 Observationes
975 824 1166 913 Wrdlert',
1200 828 1407 910 Wittebtr÷

116 940 149 989 te
201 912 321 989 abita.
736 970 739 981 .
875 974 879 984 ,

84 941 114 1067 g·
146 1018 196 1089 ln
217 1018 503 1087 AnatoniaPetit
528 1012 570 1088 de
600 1038 747 1109 ruptura
773 1017 1012 1107 completa&
1040 1016 1258 1113 incompleta
1286 1030 1405 1105 tenelle

85 1114 156 1189 nis
181 1112 357 1200 Achillis,
385 1138 488 1213 quarn
516 1117 618 1187 multi
648 1118 980 1214 negarunt.,·mult'a
1008 1142 1286 1201 commentatur.
1313 1126 1402 1201 cbo-

83 1218 163 1285 anel
193 1213 392 1309 hydropem
424 1215 605 1309 peritonaei
634 1212 791 1287 foetniuae
809 1215 890 1310 post
911 1222 1058 1309 *partum
1087 1211 1402 1313 supervenientem

84 1312 257 1387 feliciter
284 1312 442 1385 sanavit.
473 1318 676 1401 Merendae,
703 1313 806 1388 felem
834 1316 1018 1385 odoratam
1047 1316 1198 1406 rabbus,
1225 1344 1301 1391 eam
1328 1322 1401 1394 cul·

87 1436 162 1486 tro
192 1412 399 1485 anatomito
434 1413 609 1505 l'ubjecit,
645 1438 684 1485 ac
714 1415 865 1513 plurima
894 1428 1045 1500 eorum,
1083 1443 1159 1509 qute
1180 1420 1336 1491 Pertaolt
1362 1420 1401 1493 irt

88 1511 253 1585 hillotia
281 1512 339 1585 lua
369 1512 520 1583 naturali
548 1512 775 1598 observarat,
800 1510 1053 1602 confirmavit,
1081 1514 1249 1588 differens
1271 1517 1308 1597 in
1328 1517 1400 1594 fine
1533 1520 1536 1525 ’

83 1607 330 1687 “ablationis
356 1612 397 1685 de
426 1610 727 1702 ath'eromatibus',
753 1614 787 1683 dt
816 1638 937 1683 earum
964 1612 1106 1708 geneli.
1145 1619 1269 1685 Maleet
1297 1616 1401 1705 hillo,

86 1712 196 1785 ‘tiam
226 1712 338 1809 egri,
365 1709 462 1801 eujus
492 1736 548 1805 pes
576 1713 699 1781 dexter
726 1708 862 1783 summe
889 1711 1095 1782 incurvatus
1116 1738 1224 1802 erat,
1251 1712 1323 1801 ita,
1359 1738 1399 1792 ut

85 1811 207 1885 ‚nulla
236 1811 372 1880 tatione
400 1834 479 1880 eum
510 1809 700 1881 extendere
739 1811 926 1903 potuerit,
952 1832 1124 1881 enarrat.
1160 1814 1204 1885 In
1240 1838 1283 1883 eo
1308 1840 1458 1923 reget„⁸
1530 1861 1548 1921 4

83 1932 201 1999 erat,
227 1910 385 1982 Lutetiae
414 1910 578 1993 veniens,
605 1932 643 1977 ut
674 1932 731 2001 pes
759 1909 993 2007 amputandus
1014 1908 1217 1997 videretur,
1242 1909 1298 1983 sed
1328 1912 1400 1987 bale
1457 1875 1488 1940 δ’
1508 1874 1527 1939 3
1549 1878 1579 1941 ⁷⁰

85 2010 176 2083 treis
205 2009 409 2081 aromaticis
437 2006 634 2078 felicilstme
655 2005 806 2078 rellituit
834 2034 912 2079 eutn
935 2012 1081 2083 Melete.
1101 2012 1219 2097 Petit,
1243 2009 1399 2110 vestigiis

84 2112 268 2201 Frenetsri
287 2107 459 2203 Apollonii
488 2107 661 2191 insidens,
692 2132 816 2182 uveam
844 2106 881 2177 itt
910 2104 1060 2179 bomine
1086 2120 1157 2184 tt'ou
1178 2130 1398 2202 convexam,

85 2205 156 2278 sed
188 2209 351 2307 planam,
377 2207 519 2293 statuit,
544 2234 584 2279 ac
614 2208 746 2296 multa,
774 2232 884 2304 eaque
911 2206 1079 2298 euriosq,
1112 2205 1265 2285 instituit
1293 2236 1400 2307 ettpey

85 2306 253 2380 nimenta
283 2310 325 2379 de
355 2308 566 2403 ponderibus
595 2306 811 2392 humorum,
836 2306 963 2401 aquei,
989 2306 1127 2397 vitrei,
1162 2309 1196 2377 ἃ
1222 2308 1395 2399 crystalli·

76 2406 159 2494 ati,
188 2430 251 2479 nec
283 2430 353 2479 non
382 2407 423 2481 de
451 2409 559 2479 variis
586 2408 725 2475 locutus
759 2404 806 2475 est
836 2405 1011 2498 methodis
1046 2406 1295 2500 cognoscenda
1323 2430 1396 2479 ma·

80 2504 296 2601 gnitudinis
323 2528 490 2589 camera,
517 2504 702 2569 humorem
722 2524 870 2594 aqueum
891 2500 1134 2585 continentis,
1160 2504 1321 2598 adquam
1342 2528 1397 2579 ae·

78 2607 254 2677 curatius
283 2598 620 2685 determinandam,
655 2597 1055 2691 &ophtalmometrum
1092 2597 1260 2672 invenit..
1297 2602 1397 2687 Tatt-

76 2702 171 2777 dem
205 2698 407 2773 recensetur
427 2700 605 2769 Helvetios
623 2697 664 2767 de
684 2723 763 2769 aere
781 2694 1397 2796 intromittempslnansagente,

75 2803 116 2874 dt
144 2800 337 2872 Merendae
355 2800 397 2869 de
416 2824 587 2893 apparatu
605 2797 697 2873 alto.
1045 2858 1051 2871 .
1084 2861 1088 2871 .
1212 2834 1218 2855 ι

67 2928 72 2939 ·
139 2901 190 2970 In
209 2898 353 2991 bemia
372 2897 526 2990 Geoffrry
550 2899 628 2967 olea
656 2900 856 2993 plantarunt
883 2896 1078 2970 ellenrialia
1107 2894 1392 2988 testificare-do·

70 3018 178 3082 tet,
206 3020 281 3093 quo
309 2994 504 3069 habeantur
532 3000 653 3069 eadem
679 2992 905 3093 corruptioni
932 2995 992 3071 vel
1020 2997 1120 3089 plane
1138 3020 1233 3086 non,
1260 2994 1317 3065 vel
1338 3018 1396 3091 par

79 3120 194 3181 rum,
220 3092 398 3178 obnoxia,
426 3096 462 3163 δι
481 3097 693 3167 corroborat
720 3092 914 3191 superioris
934 3094 1021 3175 anui
1049 3094 1324 3189 experimenta,
1352 3094 1395 3177 de

81 3193 177 3267 reali
206 3188 343 3288 frigore
371 3192 532 3261 oleorum
561 3194 796 3267 elsentialium
823 3218 906 3266 oum
933 3191 1060 3287 spiritu
1076 3192 1154 3270 viai
1170 3194 1393 3279 mistorum.

81 3288 249 3387 Geoffroy
276 3291 314 3361 in
341 3290 493 3362 diversas
522 3289 661 3362 tritrioli
688 3291 817 3387 [peries
845 3291 1059 3386 inquifittit..
1077 3288 1307 3379 Notumest,
1335 3292 1393 3376 bar·

76 3391 141 3463 tin
171 3390 297 3461 viridia
322 3390 388 3461 elle
415 3388 573 3475 ferrum,
601 3390 635 3463 δι
662 3392 810 3464 etetolei
845 3416 1027 3483 ruptum,
1062 3388 1120 3463 sed
1155 3389 1273 3464 album
1303 3415 1393 3463 uou-

81 3492 174 3563 dutn
205 3492 401 3586 producere
428 3487 542 3559 valuit
570 3486 731 3557 laudatus
749 3488 977 3576 Gltytnitua,
1012 3487 1182 3557 aluminis
1215 3513 1302 3562 uero
1330 3514 1389 3562 ttae

85 3612 208 3662 turam
237 3587 389 3659 solerter
416 3584 671 3670 examinavit,
705 3608 861 3669 areos,
894 3584 959 3680 qni
995 3580 1131 3656 fetrum
1168 3586 1205 3655 in
1239 3612 1392 3683 cuprum

84 3687 320 3760 transmutari
350 3690 517 3772 credant,
542 3682 673 3756 acriter
693 3678 884 3753 refutavit.
912 3684 971 3755 Do
993 3685 1069 3775 1²⁶!
1085 3685 1289 3773 nonnulla,
1312 3710 1389 3782 quae

87 3785 173 3859 alias
193 3810 232 3857 ut
252 3784 415 3879 mysteria
443 3781 593 3857 studiose
618 3782 809 3867 celantur,
836 3780 879 3851 de
906 3779 1065 3854 :inbuta
1092 3781 1128 3851 δι
1157 3782 1389 3867 diffolutitttte

79 3886 274 3959 uariorum
303 3885 482 3981 lapidum,
505 3884 548 3955 de
575 3880 778 3953 tolerandis
806 3880 1060 3965 marmoribus,
1087 3878 1253 3976 agatbis,
1287 3882 1390 3975 jaspi-

86 3986 211 4074 dibus‚
241 3985 484 4082 porphyritis,
511 3983 579 4053 dec.
597 3982 690 4051 clare
710 3977 897 4064 enuntiat,
924 3979 1002 4049 imo
1029 3982 1064 4049 dt
1082 3982 1169 4052 ebur
1194 4005 1278 4052 cum
1299 4002 1391 4047 tuar-

88 4108 219 4171 tttore,
257 4084 446 4183 equalibus
471 4080 614 4175 spiritua
640 4078 718 4151 lalis
745 4078 779 4149 bt
809 4078 899 4150 aceti
923 4076 1100 4150 ‘destillari
1136 4076 1392 4175 portionibus,

88 4186 280 4272 arrodere,
307 4186 364 4255 vel
392 4183 578 4267 emollire,
606 4182 728 4253 dotet.
756 4178 926 4270 Lemery,
961 4176 1142 4249 bortateat
1171 4179 1265 4249 lituae
1289 4175 1389 4249 aceti·

78 4284 215 4356 ‘rariori
245 4281 452 4380 subjiciens,
478 4279 587 4355 trariis
616 4280 731 4353 tttodis
759 4280 899 4349 nullutn
925 4275 1008 4347 iude
1034 4276 1083 4347 lal
1108 4278 1257 4351 volatile
1284 4274 1388 4347 elice·

86 4402 127 4455 re
155 4383 298 4479 potuit,
325 4407 527 4483 quanquam
546 4379 617 4477 iple
634 4378 794 4463 fatetur,
817 4375 981 4470 [pitirum
1009 4374 1088 4447 viui
1112 4401 1194 4449 tunt
1220 4374 1388 4465 borrace,

88 4483 307 4581 principium
336 4481 429 4581 quast
457 4478 741 4563 sublimationis,
769 4499 840 4545 nott
872 4500 996 4548 verum
1013 4474 1062 4549 sal
1079 4476 1250 4563 volatile,
1274 4471 1388 4543 olleo·

79 4582 190 4656 dille.
217 4578 426 4673 Bourdelr'n,
452 4578 543 4684 salia
563 4574 727 4657 lixiviolt
763 4576 1002 4669 examinans,
1034 4572 1143 4653 notit
1167 4570 1391 4742 argumenntie

737 4709 742 4718 ‘
1256 4695 1301 4741 (0
1325 4708 1343 4726 ·
