3650 5459
384 258 601 454 “316
759 304 1056 409 Nova
1146 301 1415 403 Acta

250 524 571 617 nantunniculo,
598 516 702 598 abit.
739 523 822 612 Qua
845 514 989 619 quidem
1005 513 1289 605 observatione,
1315 524 1414 627 cum‘·
1424 512 1558 626 eiusab
1582 504 1740 595 Wntlai

250 638 408 709 An·¹73³·
429 627 483 699 vii
510 619 715 695 &aliorum
745 618 948 710 sententia,
974 618 1049 689 imo
1075 614 1119 687 ab
1145 614 1236 705 illa,
1268 639 1375 714 quam
1403 609 1466 711 tpsr
1490 611 1580 686 olim
1606 614 1741 690 defen·

251 710 296 771 Μ·
311 708 410 783 iunii·
430 724 575 810 dimus,
610 718 679 816 jam
710 719 942 807 recedamus,
968 714 1080 814 igitur
1112 711 1351 812 pullulemus,
1388 734 1427 785 ut
1451 711 1497 785 ab
1522 711 1592 786 boe
1617 738 1736 789 nota-

427 821 553 897 biliore
580 842 738 918 organo,
767 814 936 915 posterius
963 816 1006 887 ad
1035 808 1252 913 phatyngem
1279 810 1375 900 viso,
1403 810 1520 885 multo
1544 811 1739 913 augustior

429 922 464 995 &
493 916 664 1007 tenuior,
704 916 884 1014 vulgoque
920 913 1025 987 bodie
1055 936 1192 1002 notus,
1226 911 1408 1010 &paullo
1443 909 1589 1007 oblique
1615 914 1739 1012 magis

428 1017 650 1121 procedens,
684 1015 864 1112 separetur
902 1009 1299 1124 pterygopharyngaeus
1326 1006 1500 1083 musculus
1515 1033 1532 1121 3·
1563 1009 1599 1083 δι
1638 1012 1734 1106 ita,

427 1118 522 1217 quod
551 1114 660 1213 presse
687 1116 729 1188 ad
756 1112 844 1185 illud
871 1136 1017 1186 externe
1045 1110 1102 1183 brc
1129 1109 1336 1197 accumbat,
1371 1129 1411 1180 ut
1437 1107 1573 1199 oculta,
1598 1133 1731 1187 mauu·

428 1241 497 1315 que
525 1212 639 1286 cautis
667 1237 815 1310 utraque
843 1210 1121 1311 distinguantur.
1149 1210 1247 1282 Nam
1275 1206 1334 1279 laic
1362 1204 1538 1279 musculus
1571 1208 1615 1281 ab
1644 1234 1729 1285 cor·

428 1310 538 1386 niculi
569 1335 698 1409 parte,
723 1336 798 1412 quae
825 1307 942 1383 fauces
969 1306 1141 1407 respicit,
1172 1305 1312 1380 seorsim
1339 1304 1530 1395 educitur,
1557 1304 1728 1407 &super

429 1408 636 1485 sublimibus
663 1434 768 1511 atque
788 1409 830 1483 ab
856 1409 973 1509 capite
1000 1406 1158 1481 dedublis
1185 1402 1350 1479 musculis
1374 1402 1514 1478 fertur:
1540 1404 1625 1480 licet
1654 1408 1745 1505 ipse,

428 1510 502 1583 alio
527 1532 571 1583 ex
598 1510 776 1607 principio
812 1533 947 1598 natus,
981 1506 1055 1580 fere
1085 1504 1262 1594 similem,
1297 1525 1402 1603 atque
1428 1500 1582 1601 amplior
1606 1506 1727 1581 multo

430 1632 508 1705 pars
547 1633 642 1682 nova
668 1611 758 1683 ruhte
783 1606 959 1697 musculi,
995 1606 1090 1678 viam
1116 1600 1372 1702 prosequatur.
1408 1604 1530 1693 Quam
1564 1604 1613 1679 nb
1648 1630 1724 1683 tem

427 1704 519 1779 haud
546 1706 646 1780 uobis
681 1707 801 1781 licebit
835 1708 928 1781 hunc
958 1727 1075 1778 totum
1096 1703 1214 1792 tuba,
1249 1700 1387 1799 palati,
1422 1723 1530 1800 atque
1548 1703 1720 1815 ‘pharyn-

427 1804 481 1905 gis
508 1804 703 1881 musculum
731 1807 834 1880 aliter
861 1805 898 1877 in
922 1806 1005 1879 duas
1024 1826 1139 1901 partes
1163 1799 1345 1888 diuidere,
1370 1824 1477 1897 quam
1496 1802 1640 1911 quadem
1661 1832 1720 1883 na·

427 1926 506 1977 tura
536 1906 716 1979 tendinem
747 1905 901 1979 medium
928 1900 1121 1987 distinxit3
1157 1898 1181 1971 li
1207 1899 1352 1998 quidem
1378 1896 1601 1996 digaslrrcam
1628 1906 1723 2002 quali

426 2026 568 2075 carnem
597 2003 641 2076 ab
676 2004 840 2102 reliqua,
874 2004 910 2075 ἀ
948 2002 1065 2073 minus
1099 1997 1314 2094 digaslrica,
1350 2021 1421 2068 non
1453 2022 1563 2095 porro
1590 2003 1717 2095 aliter,

425 2122 531 2195 quarn
559 2100 713 2173 tendinis
740 2102 886 2173 laxitate
913 2098 1079 2188 diversa,
1114 2094 1279 2191 distingui
1315 2094 1611 2173 observavimus.
1646 2104 1718 2179 nd·

429 2197 545 2271 dimus
572 2196 784 2271 encheiresrn
813 2197 1077 2286 adhibendam,
1103 2221 1172 2294 qua
1197 2192 1270 2267 haec
1298 2192 1421 2267 omnia
1446 2194 1717 2277 luculentissime

425 2292 464 2367 in
493 2309 658 2370 anatome
686 2321 838 2397 patent.
865 2301 989 2387 Quare
1015 2293 1058 2369 ab
1083 2292 1169 2367 colli
1196 2318 1289 2367 nexu
1315 2314 1450 2392 caput,
1477 2292 1605 2374 deinde
1633 2324 1715 2374 vere

426 2391 471 2469 ab
496 2396 567 2467 osse
595 2394 766 2495 petroso,
799 2397 835 2469 &
861 2395 963 2468 omni
998 2395 1041 2467 ab
1075 2390 1212 2466 laterali
1242 2416 1362 2481 netu,
1395 2389 1547 2466 inferior
1573 2400 1715 2474 maxilla

425 2490 637 2591 separetur,
681 2495 756 2569 imo
791 2492 955 2594 pharymt
982 2516 1064 2566 cum
1095 2490 1264 2565 connexis
1301 2492 1559 2590 propemodum
1593 2497 1636 2572 ad
1662 2522 1719 2571 us·

424 2614 494 2691 que
520 2593 742 2667 corniculum
770 2592 953 2667 interioris
980 2592 1041 2665 alae
1068 2588 1296 2688 praecidatur,
1323 2590 1360 2661 dt
1386 2591 1593 2689 aperiatur3
1618 2593 1712 2669 scili·

425 2700 502 2776 c‘et,
530 2712 569 2765 ut
595 2691 751 2790 conspici
769 2692 859 2769 tuba
879 2690 1027 2780 ollium,
1054 2690 1089 2761 dc
1116 2689 1264 2788 angulus
1290 2686 1503 2790 phatyngis,
1524 2692 1559 2762 dt
1586 2694 1710 2769 omnia

425 2784 536 2861 libere
561 2792 729 2905 utrinque
757 2787 1131 2889 traslari,·retegique
1148 2787 1276 2861 elatius
1299 2787 1456 2886 possint.
1483 2793 1569 2883 Quo
1593 2790 1713 2887 sesto,

424 2882 487 2960 sub
503 2890 619 2988 capite
646 2891 889 2966 discernantur
906 2896 982 2964 a'rte
1008 2889 1061 2961 illi
1085 2910 1269 2988 quatuor,
1304 2911 1394 2986 quos
1420 2910 1505 2963 ante
1530 2889 1713 2985 diximus,

425 2982 580 3085 supremi
607 2990 776 3078 musculi,
803 2992 839 3063 dt
865 2984 1042 3085 figillatim
1070 2988 1238 3075 ultimus,
1264 2983 1322 3059 seu
1350 2985 1468 3079 tuba,
1494 2988 1714 3091 pbaryngis,

426 3082 461 3155 δι
490 3084 599 3182 palati
631 3086 831 3174 musculus,
865 3090 908 3159 ad
936 3110 1044 3184 usque
1080 3084 1301 3158 corniculum
1328 3085 1424 3160 resse
1457 3091 1718 3186 cognoscatun

246 3170 317 3257 9²8·
337 3188 404 3255 ²70·
425 3204 511 3255 mort
539 3183 960 3284 pterygo-pharyngaeus,
987 3181 1166 3281 angustior
1192 3182 1395 3274 musculus,
1419 3208 1480 3259 aut
1506 3186 1553 3261 ab
1578 3190 1718 3267 interna

424 3276 514 3355 facie
535 3286 731 3373 corniculi,
758 3305 927 3379 tanquam
953 3281 1092 3381 origine
1118 3281 1192 3373 sui,
1218 3306 1279 3357 aut
1298 3284 1343 3357 ab
1359 3284 1563 3385 pbaryuge,
1589 3288 1626 3359 δι
1643 3290 1718 3387 jux·

426 3401 462 3451 ta
488 3377 708 3454 sublimiores
736 3379 931 3472 musculos,
956 3380 1056 3481 super
1072 3381 1199 3480 quibus
1222 3381 1387 3482 obliquus
1411 3384 1483 3483 ipse
1502 3388 1646 3487 pergit,
1669 3388 1713 3463 se·

422 3500 589 3648 paretur:
617 3477 668 3553 ita
698 3480 871 3573 tandem,
910 3479 985 3579 post
1021 3478 1552 3581 petro-salpingollapbylinum
1580 3486 1715 3563 musco·

440 3602 528 3667 um,
562 3576 597 3649 de
624 3602 706 3653 ante
732 3606 838 3681 quant
873 3578 932 3653 hic
959 3578 1002 3653 ad
1029 3582 1176 3657 uvulam
1214 3581 1406 3680 procedit,
1440 3582 1569 3659 deinde
1602 3586 1712 3661 etiam

422 3674 498 3772 poss
524 3674 671 3754 tonsilla
697 3678 914 3777 superiorem
942 3700 1109 3778 partem,
1135 3681 1171 3753 δι
1198 3680 1465 3781 quodammodo
1491 3681 1555 3757 sub
1579 3685 1713 3759 muscer-

422 3774 460 3845 lo
489 3776 846 3877 mylophatyngaeo,
880 3778 931 3853 ira
959 3802 1047 3851 vero
1072 3780 1115 3853 ab
1142 3781 1286 3869 latere,
1319 3805 1359 3855 ac
1388 3806 1527 3878 porro,
1559 3784 1710 3883 pbaryn·

421 3894 494 3971 get
556 3900 611 3949 ars
644 3874 816 3975 posterior
854 3875 1001 3951 musculi
1029 3878 1119 3955 tubae
1139 3930 1151 3971 ,
1175 3876 1290 3979 ‘quem
1314 3880 1560 3976 Valselmr'ita
1588 3881 1713 3975 dixit,
1807 3937 1808 3962 ι

421 3994 496 4046 non
523 3900 635 4049 litium
673 3973 825 4072 persedlc
850 3974 1108 4076 distinguitur,
1144 3977 1200 4051 scd
1231 3984 1267 4053 dt
1290 3980 1334 4053 ab
1359 3979 1554 4085 pbaryngis
1580 4004 1711 4082 parte,
1807 4025 1808 4036 ι

419 4064 591 4146 lieadem
620 4072 779 4164 levetur,
808 4096 883 4149 turn
912 4077 1048 4149 circum
1072 4077 1133 4149 ala
1161 4077 1385 4154 corniculum
1412 4085 1594 4157 teudinem
1613 4107 1725 4157 com.

421 4164 565 4265 passum
592 4194 696 4262 ante,
722 4172 780 4245 sed
807 4174 916 4248 modo
943 4173 1139 4271 planiorem
1167 4175 1311 4267 visum,
1345 4176 1429 4252 inde
1463 4180 1714 4281 separare,dt

420 4265 562 4363 penitus
588 4267 814 4361 discernere,
842 4272 942 4345 simul
963 4325 974 4363 ‚
1004 4270 1074 4345 line
1099 4298 1229 4371 opera,
1255 4277 1406 4354 alteram
1433 4277 1634 4374 fibrostm,
1668 4284 1714 4357 la·

418 4388 603 4465 aramque,
638 4371 673 4443 δι
700 4370 967 4469 dispergendam
994 4371 1148 4445 tenditis
1175 4397 1312 4470 partem
1338 4377 1422 4451 inde
1450 4405 1642 4481 retegere,
1680 4383 1714 4455 st

419 4462 535 4560 postea
563 4468 743 4567 persequi,
769 4468 919 4542 licebit.
946 4471 1134 4543 Valentem
1162 4472 1261 4549 istam
1290 4478 1462 4575 valdeque
1487 4478 1713 4580 conspicuam

418 4564 565 4639 musculi
594 4592 750 4666 partem,
779 4568 926 4663 perinde
954 4570 1191 4669 pbaryngem,
1217 4596 1324 4671 atque
1352 4577 1506 4671 tubam,
1540 4605 1611 4679 prae
1638 4582 1716 4657 aliis
1807 4611 1808 4678 ι

416 4662 581 4741 musculis
616 4664 817 4769 stringere,
858 4669 893 4743 dt
921 4667 1106 4770 tonsillam,
1134 4671 1230 4747 inter
1256 4673 1524 4773 deglutiendum
1551 4682 1712 4771 tollere,

1623 4780 1670 4856 fic
