3650 5459
324 272 1084 388 Enuurronu-nr.
1180 315 1274 433 393

63 496 182 580 uellem
213 490 553 587 ,confideratum.
588 495 686 570 Perit
715 495 809 570 enim
837 498 991 571 omnino
1027 493 1230 596 praclarum
1267 502 1356 581 illud
1372 526 1534 593 nur-:run

63 602 264 676 Pilatirtrum
291 596 506 689 inventum,
531 596 587 668 vel
615 620 711 669 certe
740 623 759 671 a
787 597 960 672 methodo
988 600 1225 696 Gregoriana,
1251 607 1353 705 quip-
1375 616 1533 687 Anam.

65 728 105 799 pe
125 702 225 799 louge
254 695 521 784 concinniote,
547 698 581 769 δι
602 699 644 769 ad
664 696 854 771 minimum
882 723 978 796 aeque
996 700 1151 792 crassa,
1177 703 1268 778 haud
1297 708 1358 780 du·
1379 688 1425 753 Μ·
1446 688 1534 753 sthi·

66 802 113 877 hie
134 801 320 901 superatur
337 796 403 946 ,δῦ
428 820 541 945 quous
565 797 724 898 tropicus
756 801 860 898 paulo
888 800 1006 871 minus
1034 789 1271 926 veliampliua
1298 807 1357 881 ha·

68 966 152 1056 het,
185 990 295 1066 quam
327 974 409 1059 365.
441 986 470 1053 5.
497 962 573 1053 49'.
600 958 736 1053 Quodsi
763 962 942 1035 Hevelium
970 963 1136 1064 inprimis
1159 964 1256 1067 sequi
1285 972 1356 1072 pla·
1482 990 1485 997 ·

67 1066 185 1157 tuerit,
212 1066 348 1166 quippe
367 1063 402 1135 δι
421 1060 599 1141 summum
618 1059 902 1154 Astronoutum,
928 1065 965 1137 dt
981 1066 1017 1139 in
1038 1066 1182 1141 calculis
1203 1068 1274 1143 illia
1302 1098 1358 1147 ae·

69 1186 174 1241 tutare
198 1155 436 1239 subducendis
461 1159 758 1252 solertissimum,
786 1189 899 1263 neque
927 1190 945 1237 a
973 1168 1087 1241 media
1115 1167 1174 1239 via
1201 1170 1354 1245 multum

70 1268 318 1356 deelinantem,
344 1260 593 1337 demonstrabo
611 1264 861 1359 nuncpaucit,
887 1268 1073 1362 quomodo
1090 1266 1252 1366 preclare
1270 1292 1354 1343 con·

73 1360 187 1441 serrari
224 1362 419 1440 methodus
445 1364 687 1456 Gregoriarra,
720 1360 888 1462 facilique
923 1364 958 1433 St
987 1368 1175 1440 commoda
1212 1369 1353 1442 ratione

73 1462 178 1564 persici
198 1466 335 1567 possit.
363 1468 550 1536 Sumamus
575 1461 720 1558 igitur,
746 1486 867 1536 veram
899 1467 985 1539 anni
1014 1465 1147 1567 tropici
1176 1468 1355 1568 magnitu-

74 1566 175 1639 dinem
193 1568 264 1642 else
281 1566 420 1640 dietum
449 1572 539 1657 365,
564 1557 642 1633 hor.
657 1584 697 1654 5,
719 1559 832 1661 sctup.
850 1570 918 1651 48,
939 1567 973 1639 &
993 1564 1226 1640 secundorum
1246 1594 1352 1669 quam

74 1667 222 1763 proxime
254 1692 327 1760 50,
354 1664 411 1737 vel
438 1659 558 1761 potius
589 1664 679 1755 3o}.
707 1664 804 1735 Cum
831 1662 900 1735 hoc
927 1664 1033 1763 pahio
1061 1718 1072 1755 ,
1099 1662 1172 1765 poll
1200 1692 1354 1765 quatuor

57 1760 62 1768 ’
92 1792 208 1866 ueque
222 1768 366 1857 Secula,
391 1764 430 1835 in
449 1760 668 1835 Calendario
686 1764 890 1861 Gregorius
908 1764 1078 1860 supersint
1106 1789 1179 1839 non
1207 1766 1283 1839 hor.
1306 1794 1353 1856 r,

69 1791 178 1963 itrup.
203 1891 270 1955 ao,
289 1865 342 1938 led
369 1862 448 1935 hor.
468 1880 522 1951 ι’,
545 1860 658 1959 scrup.
679 1884 745 1951 24,
772 1884 879 1960 atque
906 1868 996 1939 adeo
1021 1862 1095 1963 post
1121 1890 1217 1951 4ooo
1242 1890 1353 1938 annos

71 1963 166 2037 horae
186 1988 249 2053 24,
275 1963 339 2037 stre
356 1964 429 2037 dies
446 1961 617 2063 integer,
643 1986 847 2062 opportune
868 1964 1092 2052 demendus,
1119 1964 1355 2039 constituatur

69 2062 125 2138 lex
150 2060 381 2158 hujusmodis
415 2082 452 2132 arr
478 2088 519 2131 ex
545 2064 644 2133 anais
669 2060 886 2155 millestmr's,
918 2067 1059 2161 perinde
1084 2085 1122 2135 ut
1148 2092 1187 2136 rat
1223 2064 1356 2150 censest-

72 2164 164 2251 arir,
193 2183 337 2259 quartus
371 2167 512 2259 quisque
546 2162 721 2254 biffextilis
748 2160 836 2254 lit,
869 2170 971 2237 ceteri
1005 2188 1222 2239 communes.
1259 2164 1356 2257 Quia

74 2259 157 2333 eninr
181 2262 265 2336 alias
291 2263 375 2338 anni
415 2261 591 2336 millesimi
626 2264 831 2337 alternatim
868 2264 1120 2340 bissextiles&
1148 2290 1357 2340 communes
1400 2292 1532 2377 p,g,3„

75 2359 188 2451 esseut,
214 2362 296 2437 fieti
317 2391 379 2462 per
399 2388 539 2437 nonamv
559 2366 672 2463 legent
700 2364 853 2438 omnino
872 2366 1006 2439 necesse
1024 2362 1093 2454 est,
1119 2392 1156 2439 ut
1181 2364 1358 2462 despatio

80 2484 158 2549 otoo
180 2488 361 2538 annorum
391 2488 481 2535 uuus
506 2462 580 2535 dies
605 2462 847 2535 diminuatur:
878 2490 959 2537 nam
983 2465 1066 2536 anni
1091 2489 1207 2552 zooo,
1236 2476 1358 2553 6000,

82 2582 173 2651 troo,
196 2589 337 2653 t4ooo,
363 2588 431 2659 pro
447 2559 682 2631 bissextilibus
698 2559 766 2630 huc
784 2558 892 2659 usque
911 2560 1111 2647 numerati,
1142 2586 1235 2633 nunc
1262 2586 1360 2635 com·

82 2680 178 2734 nunes
196 2662 323 2737 sient.
350 2663 389 2731 Si
418 2658 490 2729 hee
520 2656 570 2729 ita
598 2656 694 2731 resie
711 2655 744 2729 se
761 2654 915 2749 habent,
942 2684 1014 2731 non
1043 2681 1161 2733 tamen
1190 2680 1271 2735 ante
1299 2672 1365 2735 an·'

84 2780 144 2833 num
178 2772 281 2836 6000
318 2756 524 2853 avulgata
558 2754 731 2849 methodo
766 2756 1012 2831 discedendum
1050 2758 1241 2833 arbitror:
1278 2786 1362 2835 nam

88 2855 159 2949 diet,
181 2872 259 2939 An.
284 2880 378 2929 aooo
403 2856 653 2946 omittendus,
678 2852 821 2949 jamjam
851 2856 995 2928 videtur
1023 2856 1145 2929 haberi
1175 2858 1270 2949 polse
1297 2882 1364 2957 pto

87 2958 219 3036 omisso.
260 2958 463 3055 Fingamus
488 2954 621 3047 euim,
657 2956 911 3029 Calendarium
952 2952 1072 3028 nostro
1099 2956 1133 3029 δι
1161 2956 1366 3051 Gregoriene

84 3050 207 3147 imile,
239 3058 315 3155 jam
347 3080 441 3168 popo
467 3076 580 3168 annos
606 3078 689 3129 ante
718 3078 821 3129 arram
848 3053 1088 3169 Christianam
1118 3053 1374 3226 usurpatum,

82 3154 937 3353 ἱὶῗέῖὲοῗὲἲῖξίῗᾈῗᾲἷῖἵῖ’,ἰὲῗέιῖῗίῗέζὲἰῖ
956 3154 1365 3351 lll‘llgllasslsit

88 3370 129 3420 to
144 3351 281 3447 diebus,
307 3353 397 3429 iilud
423 3352 678 3427 calendarium
707 3351 853 3427 differre
879 3379 896 3426 a
918 3354 1055 3439 Iuliano
1073 3354 1193 3454 posse.
1224 3351 1365 3429 Differt

86 3472 189 3525 autem
206 3456 360 3529 nostrum
380 3454 502 3528 diebus
526 3478 589 3542 ιι,
618 3477 690 3527 non
710 3454 815 3527 aliam
843 3453 890 3527 ob
915 3452 1075 3542 eausam,
1100 3478 1206 3555 quam
1220 3477 1367 3553 propter

87 3550 188 3644 diem,
206 3564 252 3635 Α.
266 3581 356 3629 2000
374 3552 700 3643 omittendum,·&
730 3552 800 3648 jam
822 3551 1015 3625 maximam
1045 3572 1181 3669 partem
1211 3554 1369 3652 comple·

90 3669 180 3742 tum,
207 3656 355 3754 ideoque
380 3680 493 3755 nuper
520 3652 687 3727 anostris
712 3650 921 3743 Calendarii
949 3650 1246 3748 reformatoribus
1271 3652 1374 3727 simul

90 3771 152 3823 tum
170 3755 314 3855 reliquis
334 3754 537 3829 sublatum.
567 3764 640 3843 At,
669 3751 830 3851 inquies,
857 3748 942 3848 quid
971 3747 1050 3823 fieri
1079 3752 1283 3849 oportebit,
1311 3752 1373 3827 uhi

92 3850 291 3944 eonstiterit,
311 3856 485 3929 calculum
507 3853 773 3923 Heuelirnrrma
803 3873 891 3921 uero
915 3850 1137 3951 aliquantum
1158 3850 1340 3927 dilsentire
1358 3862 1378 3921 Ρ

93 3946 223 4029 Dicam:
252 3957 293 4029 Si
312 3955 429 4029 letior
446 3951 641 4043 dissensus,
667 3950 838 4025 servanda
869 3949 1059 4051 methodus
1088 3950 1296 4049 proposita3
1327 3950 1378 4021 sin

96 4048 197 4143 talis,
228 4078 268 4130 ut
305 4056 460 4129 calculus
486 4054 644 4151 Gregorii
669 4074 761 4125 vero
787 4048 976 4148 propiet,
1011 4053 1047 4122 iri
1087 4050 1191 4147 hujus
1226 4046 1382 4147 simplici

96 4146 217 4226 decreto
242 4154 536 4255 acquiescendum
555 4152 655 4226 erit:
685 4150 817 4250 quippe
835 4172 916 4223 cum
946 4146 1015 4221 hoc
1046 4148 1151 4246 passo
1180 4176 1241 4251 per
1271 4148 1379 4245 pluri·

98 4262 145 4319 ma
168 4276 334 4329 annorum
372 4254 486 4328 millia
513 4252 631 4326 nullus
656 4247 803 4324 existere
838 4273 943 4321 error
970 4250 1204 4349 corrigendus
1222 4248 1382 4347 possit.
1433 4316 1443 4329 ,

100 4344 210 4425 Cetera
224 4380 296 4441 tam
318 4376 542 4428 remotorum
559 4352 769 4425 Setulorum
789 4350 984 4438 homines,
1014 4348 1038 4420 st
1057 4348 1218 4448 quisunt
1237 4342 1350 4421 futuri
1374 4392 1386 4431 ,

60 4445 62 4538 l
100 4440 268 4529 viderint.
297 4458 426 4555 itaque
450 4454 523 4525 haec
551 4474 628 4525 mea
656 4450 703 4525 est
731 4449 1066 4549 sententia','quam
1098 4448 1248 4522 candide
1277 4464 1387 4554 expo·

61 4575 63 4642 ι
102 4560 159 4616 noa
182 4550 214 4625 iu
230 4553 664 4649 CalendarioGregoriano
688 4550 926 4625 intercalandi
956 4550 1135 4623 tationem
1155 4544 1269 4618 cuiuis
1287 4542 1348 4613 altr
1376 4588 1389 4628 ,

62 4649 78 4706 l'·
104 4660 187 4743 ltque
201 4656 309 4729 etiam
331 4652 394 4749 ipsi
410 4654 585 4745 Gelalaeae,
603 4648 814 4753 ceteroquin
842 4646 1159 4751 praestantissime,
1187 4636 1388 4717 anteferen-

63 4745 64 4780 ³
183 4754 269 4851 suut.
288 4752 365 4829 Vll.
875 4746 983 4819 Dud
1233 4739 1338 4831 darn,
